2032 3890
27 18 817 82 a being adverse. Oppositio.
27 80 1200 141 adversity. Res adversæ.—See misfortune.
27 144 2004 211 to advert to, i. e. observe, q. v. remark. Observo, animum adverto,
92 211 639 273 c. conj. or c. acc. rei.
27 272 1277 339 to advertise, i. e. inform, q. v. certiorem facio.
27 338 2000 405 advice. Monitus, 4; mŏnĭtum, admonitus, admonitum.—The thing,
90 403 2003 469 or the giving advice, monitio, admonitio; i. e. news, information, nun
91 465 2006 531 tium (poet.).—If you will take my advice. Si me audies. Cic.—
91 532 2004 596 Laugh at all those men if you will take my advice. Istos omnes, me
91 596 1113 656 auctore, deridete. Cic.—See to warn.
28 658 2003 724 to advise. Suadeo, 2 (of advising to do rather than not to do), c. acc.
89 721 2004 789 rei or c. subj.; c. infin. (rather poet.); persuade, mŏneo, 2; hortor, 1.
89 787 2002 853 —To advise against. Dehortor, c. ne and suj., or c. a. and abl.;
93 853 964 912 dissuadeo, sometimes also c. acc.
25 914 2008 981 an adviser. Susor, mŏnĭtor (not absolutely, but of such and such a
89 979 1889 1048 line of conduct), auctor (implying a sort of dignity and authority).
25 1045 1511 1109 advisable, more, most. Pŏtior, potissimus.—See good.
25 1108 998 1173 adulation. Ădūlātio.—See flattery.
26 1175 700 1238 adulatory. Ădūlātōrius.
26 1240 472 1292 adult. Ădultus.
23 1298 1448 1365 to adulterate. Ădultĕro, 1; corrumpo, 3; vĭtio, 1.
24 1362 760 1419 adulterated. Ădultĕrīnus.
24 1429 1304 1495 adulteration. Ădultĕratio (the effect), vĭtium.
22 1491 929 1552 an adulterer. Ădulter, mœchus.
23 1559 956 1622 an adulteress. Ădultĕra, mœcha.
23 1622 1066 1685 adulterous. Ădulter (poet.), incestus.
22 1684 929 1751 adultery. Ădultĕrium, stūprum.
21 1750 1337 1817 to commit adultery. Ădultĕror, 1; mœchor, 1.
19 1816 955 1878 advocacy. Pătrōcĭnium, dēfensio.
20 1878 2003 1947 an advocate (of a person or cause). Pătrōnus, dēfensor (simply), ōrātor;
85 1946 894 2010 i. e. a lawyer, q. v. causĭdĭcus.
18 2006 1915 2075 to advocate. Dēfendo, 3; ōro (causam); i. e. advise, q. v. sudeo, 2.
20 2074 624 2136 an ædile. Ædīlis.
20 2135 720 2206 the ædileship. Ædīlitas
19 2204 628 2269 an ægis. Ægis, -ĭdis.
19 2270 453 2321 aerial. Aĕrius.
17 2331 1169 2400 afar. Prŏcul, longe. From afar, ēmĭnus.
19 2397 1029 2461 afar, adj. Longinquus.—See distant.
18 2457 1736 2525 affability. Affābĭlĭtas sermonis (Cic.), făcĭlĭtas.—See courtesy.
19 2523 913 2584 affable. Affābĭlis, făcĭlis, cōmis.
20 2587 780 2648 affably. Affābĭlĭter. Gell.
21 2651 1996 2716 an affair. Res, nĕgōtium.—A flourishing state of affairs. Res bonæ,
84 2718 2000 2779 res florentes, res salvæ.—A doubtful state. Res incertæ, res
85 2780 2000 2845 dŭbiæ.—A bad stte. Res perditæ. All in Cic.—We look after
84 2845 1737 2896 our own affairs. Res domesticas et familiares tuemur. Cic.
20 2908 1997 2975 to affect, i. e. move, influence. Afficio, 3; moveo, 2 (as a shock affects
84 2973 1998 3040 the mind); percello; i. e. aim at, affecto, 1; i. e. love, q. v. ămo, 1;
84 3037 1996 3105 dīlĭgo, 3; i. e. pretend, q. v. sĭmŭlo, 1, often followed by acc. of the
83 3101 1994 3167 pron.. as, Solon affected to be mad. Solon furere se simulavit. Cic.
83 3165 1314 3226 —You are affected. Tua res agitur. Cic.
21 3230 1997 3289 affectation, i. e. an unnatural conceited manner. Affectatio. Quint.—
87 3295 675 3347 Pretence. Sĭmŭlātio.
21 3356 1997 3419 affected, i. e. with an unnatural conceited manner. Pūtĭdus.—Good
84 3423 1994 3488 citizens, well affected to their country. Boni cives, amantes patriæ.
86 3488 185 3536 Cic.
18 3548 1997 3614 affection, i. e. the way in which one is affected in mind or body. Affectio;
83 3613 1997 3692 (attachment, not before Pliny), affectus, 4 (attachment, Suet.); mōtus
84 3677 1997 3743 (4) animi; motus mentis (Cic.); i. e. attachment, q. v. bĕnĕvŏlentia,
84 3739 1994 3801 ămor.—See love.—As if they did that from affection to the party.
83 3800 1994 3868 Quasi id studio partium fecerint. Cic.—From our mutual affec-
