2052 3893
82 18 2043 114 an amnesty for all actions or speeches. Omnium itaque factorum.
111 83 1459 149 dictorumque veniam et oblivionem sanxit. Suet.
45 150 654 215 amomum. Ămōmum.
44 210 1519 276 among. Inter, in c. abl.; after a verb of motion, per-
45 279 727 341 to be among. Intersum.
44 339 1663 403 to place among. Interpōno, 3; interjĭcio, 3; intersĕro, 3.
42 406 1101 468 amorous. Cŭpĭdus, ămātōrius, ămans.
45 463 868 534 an amorous person. Ămātor.
41 533 945 596 amorously. Ămātōrie, ămanter.
44 596 2039 664 amount. Summa.—The amount of a person’s income. Æstimatio,
108 663 463 712 census. Cic.
44 724 2027 794 to amount to. Făcio, 3; efficio, conficio.—It (a saying) amounts in
106 790 1823 855 my opinion to this. Id habet hanc ut opinor sententiam. Cic.
44 843 2039 920 amphibious, of beasts. Some are as it were amphibious, living in each
107 918 2027 983 element. Bestiarum sunt.... aliæ quai ancipites, in utrâque sede.
107 983 505 1033 viventes. Cic.
42 1045 987 1112 the Amphictyons. Amphictyŏnes.
40 1112 1250 1174 an amphitheatre. Amphĭtheātrum. Mart.
38 1163 2038 1240 of an amphitheatre. Amphitheātrĭcus (Plin.), amphitheātrālis (Plin.).
39 1238 2029 1305 ample. Amplus, largus, magnus, spătiōsus (of extent), cōpiōsus (of
70 1303 2025 1368 quantity).—This will be ample testimony of his moderation.
105 1367 1311 1432 Abstinentiæ erit hoc satis exemplum. Nep.
39 1431 1246 1495 amplification. Amplĭfĭcātio.—See increase.
38 1498 812 1559 an amplifler. Amplifcator.
41 1560 1439 1623 to amplify. Amplĭfĭco, 1; augeo, 2; exaggĕro, 1.
39 1618 2029 1690 amplitude. Amplĭtūdo, magnĭtūdo, spătium.—In quantity. Ăbun-
103 1688 460 1752 dantia, cōpia.
37 1750 2025 1816 amply. Ample, large, cōpiōse (the two last esp. of quantity); i. e.
62 1815 937 1881 sufficiently, sătis.—See enough.
38 1878 1680 1945 to amputate. Excīdo, 3; præcīdo, abscindo, 3; ampŭto, 1.
36 1943 733 2008 amputation. Ampŭtātio.
37 2009 890 2062 an amulet. Amuletum. Plin.
38 2072 2009 2139 to amuse. Dēlecto, 1; oblecto.—This ape had chosen me as the
98 2138 2006 2202 object of his attack just to amuse himself. Hic simiolus, animi causâ
100 2203 1207 2267 me in quem inveheretur delegerat. Cic.
33 2237 2017 2331 amusement. Dēlectātio, delectāmentum, oblectatio, oblectamentum, ob-
97 2331 552 2396 lectamen (poet.).
33 2395 1098 2463 analogous. Sĭmĭlis, ănălŏgus. Varro.
32 2460 939 2523 analogy. Compărātio, prōportio.
30 2520 1640 2586 by analogy, analogical. Compărātīvus, analogicus. Gell.
32 2586 1316 2662 to analyze. Excŏquo, 3; metaph., exāmĭno, 1.
31 2648 1207 2714 analysis. Metaph., inquīsĭtio, investīgātio.
31 2714 733 2776 an anapæst. Anăpæstus.
29 2777 1695 2842 anapæstic. Anapæsticus.—An anapeæstic verse, ănăpsæstum.
28 2836 1031 2892 anatomical. Ănătŏmĭcus. Macrob.
29 2906 1087 2969 to anatomize. Discindo, 3; incīdo, 3.
27 2969 937 3031 anatomy. Anatomica. Macrob.
26 3028 1795 3100 an ancestor. Ătăvus, proăvus.—Ancestors, ăvi, majōres, pătres.
26 3091 1411 3162 ancestral. Ăvītus, proavitus, pătrius, păternus.
27 3160 2015 3227 ancestry, i. e. simply family, q. v. ŏrigo, stirps; i. e. noble fmily, nōbĭ-
91 3228 220 3275 lĭtas.
25 3288 2011 3354 an anchor. Ancŏra.—Having cast anchor. Ancoris jactis. Cæs.
89 3353 2013 3417 —The transports which were at anchor. Onerariæ quæ ad ancoras
49 3418 2013 3483 erant deligatæ. Cæs.—The letter which you wrote on board, after
87 3481 2000 3546 you had weighed anchor. Epistola quam ancorâ solutâ de phaselo
88 3546 2012 3610 dedisti. Cic.—For solvo, Cæsar uses tollo; Livy, vello ancoram.—
87 3609 2010 3676 He himself rode at anchor one night. Ipse ad ancoram unâ nocte
86 3672 2009 3770 constitit. Cic.—He remained at anchor till nine o’olock. Ad horam
83 3740 1052 3803 nonam in ancoris expectavit. Cæs.
18 3804 1056 3869 belonging to an anchor. ancŏrārius.
