2063 3882
82 16 1993 114 dones nullos fore quis præstare poterat? Cic.—May it answer (i. e.
83 83 1201 148 succeed, q. v.). Quod bene vertat. Liv.
17 148 1988 214 an answer. Responsum, responsio.—A written answer, rescriptum
85 211 1990 276 (Plin.), epistola rescripta, c. ad and acc. Cic.—An answer to an accu-
81 275 789 334 sation, contradictio. Tac.
18 317 1987 406 answerable to, i. e. corresponding to. Convĕniens, congruens, congruus.
47 403 1990 470 —You are made answerable for the safety of the great Cæsar. Tibi
83 467 992 532 cura magni Cæsaris datur. Hor.
19 530 1870 597 answerableness, i. e. the quality of corresponding to. Convĕnientia.
19 593 1141 660 answerably. Convĕnienter, congruenter.
21 659 524 709 an ant. Formīca.
21 720 917 776 fall of ants. Formīcōsus. Plin.
22 785 746 857 antagonism. Oppŏsĭtio.
23 850 1390 941 an antagonist. Adversārius, rīvālis.—See enemy.
24 914 1016 975 antagnonistic. Adversus, contrārius.
25 948 1992 1048 to be antagonistic, or an antagonist. Oppōnor, 3; rĕpugno, 1.—See to
87 1056 286 1106 oppose.
26 1106 893 1169 antecedent. Antecedens, prior.
25 1170 958 1234 antecedently. Prius.—See before.
24 1232 864 1299 to antedate. See to anticipate.
25 1299 1310 1366 an antelope. Dorca (Gratian), dorcas (Mart.).
25 1361 558 1413 anterior to. Prior.
25 1425 1997 1494 to anticipate. Antĭcĭpo, 1; præcĭpio, 3 (esp. of anticipating revenue,
90 1491 1996 1557 &c.); prævĕnio, 4 (so as to arrive at a place before); occupo, 1;
87 1555 1998 1624 anteverto, 3; præverto (all of anticipating another in doing some-
89 1617 2023 1686 thing), præsūmo, 3; i. e. expect, q. v. expecto, 1; i. e. feel before-
88 1680 607 1748 hand, præsentio, 4.
26 1745 1997 1815 anticipation. (See above.) Antĭcĭpātio, expectatio, præsensio, præ-
91 1814 324 1872 sumptio.
28 1874 1502 1942 an antidote. Antĭdŏtus (fem.), or antĭdŏtum. Phæd.
28 1938 1088 2006 antipathy. Rĕpugnantia.—See dislike.
29 2003 1001 2071 an antiquary. Antīquārius. Suet.
28 2067 1358 2131 antique. Antīquus, vĕtus, priscus.—See ancient.
30 2131 919 2197 antiquity. Antiquĭtas, vĕtustas.
31 2195 899 2256 antithesis. Antĭthĕsis. Quint.
30 2258 851 2313 an antler. Cornu.—See horn.
29 2322 574 2389 an anvil. Incus, 3.
28 2386 1033 2454 anxiety. Anxietas, sollĭcĭtūdo, cūra.
28 2450 2000 2516 anxious. Anxius, sollĭcĭtus.—I shall be very anxious about every
93 2515 2001 2582 thing which.... Omnia diligentissime curabo quæ.... Cic.—
94 2578 2002 2645 He was very anxious to unite the other cities. Animo laborabat ut
61 2643 2001 2710 reliquas civitates adjungeret. Cæs.—You need not be anxious
95 2708 2040 2775 about his progress and learning. De ejus eruditione quod labores.
95 2771 2001 2837 nihil est. Cic.—What I am very anxious for at this moment is to
98 2836 2001 2901 see you. Illud meâ magni interest ut te videam. Cic. He is anxious
98 2900 1484 2964 to appear grateful. Studet se videri gratum. Cic.
33 2963 855 3029 to make anious. Sollĭcĭto, 1.
36 3026 795 3090 anxiously. Anxie, sollĭcĭte.
37 3088 2003 3157 any, any one, absolutely, any whatever. Quīlĭbet, quīvis.—Life
102 3154 2000 3218 must be conducted in a certain fixed manner, not in any way what-
101 3217 2001 3283 ever. Vita agenda est certo genere quodam, non quolibet. Cic.—
102 3280 2002 3346 The whole matter is such that any one (i. e. every one in the world)
102 3345 2001 3413 can perceive. Omnia sunt ejusmodi, quivis ut perspicere possit...
104 3409 2002 3476 Cic.—In this sense omnis (usu. in pl.) is found. Any one knows.
102 3473 1259 3540 Omnes sciunt; nemo non intelligit. Cic.
169 3534 2005 3605 Indeflnitely. Quis, aliquis, quispiam. Of these aliquis is more em-
104 3600 2005 3668 phatic than quis; quispiam is somewhat rare. Quis is especially used
103 3663 2006 3730 after the conjunctions si, nisi, ne, num, and with other relatives; as,
105 3726 2004 3794 If any one should bring you to trial. Si te in judicium quis adducat.
107 3788 1991 3858 Cic.—That we may not erroneously agree with any one. Ne cui
