2043 3876
94 17 2012 83 falso assentiamur. Cic—Was there any disturbance, any disorder?
37 82 2009 147 Num quæ trepidatio, num quis tumultus (some write it num qui when
95 146 2017 209 the substantive is expressed)? Cic.—Promises which any one has
93 210 2009 275 made under the influence of fear. Promissa quæ coactus quis metu
95 274 2009 340 promiserit. Cic. (Quis is also used in such comparative sentences as
93 338 2015 404 this.) In proportion as any one is more crafty, he is also more dis-
92 402 2006 468 liked. Quo quis callidior, hoc invisior. Cic. Aliqis is any one
93 466 2004 530 whatever, and may be used wherever quis may; and is also found
90 530 2016 595 independently, and with adjectives.—He who steals any thing. Qui
93 594 2017 660 furatur aliquid. Cic.—Pompey feared every thing, to prevent your
92 658 2014 724 having any thing at all to fear. Timebat Pompeius omnia, ne aliquid
92 722 2015 785 vos timeretis. Cic.—A good man provides for the interests of the
93 785 2013 850 community rather than for those of any single individual, or even for
93 849 2011 916 his own. Vir bonus utilitati omnium plus quam unius alicujus aut
93 914 2013 979 suæ consulit. Cic.—Any one may say. Dixerit aliquis. Cic. (Quis
91 978 2013 1044 is sometimes used like aliquis, but more by later writers than by
92 1041 426 1102 Cicero.)
155 1100 2017 1173 Negatively. Quisquam, ullus, gen. ullīus. Strictly speaking quis-
92 1170 2017 1239 quam is a substantive; though it is used with such words as homo,
92 1235 2015 1300 civis, &c. Properly they are used only in sentences which are ex-
92 1298 2017 1375 pressly, or by implication negative; as, Without allies no one attempts
89 1363 2016 1429 any such thing Sine sociis nemo quidquam tale conatur. Cic.—
92 1427 2011 1493 Can any one then fear war from this quarter? Ab hoc igitur quis-
91 1491 1996 1556 quam bellum timet? (in which question it is implied that no one can.)
91 1554 1997 1620 Cic.—There was absolutely no one who bought any thing. Omnino
89 1617 1999 1684 ullius rei nemo fuit emptor. Cic. Also in comparative sentences;
90 1681 1995 1747 as, This man was a worse tyrant than any of his predecessors.
91 1744 2018 1811 Tetrior hic tyrannus fuit quam quisquam superiorum. Cic. (In such
89 1810 1996 1875 sentences as this it is the only word that may be used.) They are
88 1873 2017 1939 also sometimes used with si, instead of quis or aliquis, to inorease the
88 1936 1992 2006 indefiniteness.—If there is any thing in the world that is creditable.
91 2001 2019 2068 Omnino si quidquam est decorum. Cic.—If any commonwealth at
89 2065 2014 2130 all is left. Si erit ulla respublica. Cic. And even without si.—
90 2129 2013 2196 As long as there is any one in the world who dares to uphold you, you
90 2194 1996 2259 shall live. Quamdiu quisquam erit qui te defendere audeat, vives.
90 2258 2017 2334 Cic.—While there were any garrisons any where. Dum præsidia
89 2325 590 2374 ulla fuerunt. Cic.
156 2388 2019 2458 Interrogatively, whether in direct or dependent questions, ecquis,
88 2452 2020 2518 ecquisnam; when a negative answer is unavoidable, nunquis, nun-
89 2516 331 2575 quisnam.
26 2574 1995 2645 by any means, i. e. by some means or other. I wish you would find the
88 2641 1994 2709 man by any means in your power. In quoquo modo hominem in-
89 2703 651 2765 vestiges velim. Cic.
26 2744 1993 2840 in any place, any where. Uspiam, ălĭcŭbi. In negative or conditional
60 2841 599 2895 entences, usquam.
25 2895 2015 2967 to any place, any whither. Quo.—I at any time they were sending
87 2960 2017 3031 ambassadors to Rome, or any where else. Si quando Romam, aliove
88 3025 857 3088 quo mitterent legatos. Liv.
25 3083 1993 3159 at any time. Ălĭquando. In negative or conditional sentences, un-
88 3154 1787 3223 quam; after si, quando. Si quando unquam is found in Livy.
23 3216 863 3282 apace. Cĕlĕrĭter.—See swiftly.
22 3280 921 3346 apart, adv. Seorsum, sēpărātim.
22 3343 1149 3411 apart, adj. Sēcrētus, rĕmōtus, sejunctus.
21 3407 1558 3478 to tear apart. Disjungo, 3; dīvello, 3.—See to separate.
19 3473 1045 3530 an apartment. Conclāve.—See room.
20 3533 609 3598 apathetic. Torpĭdus.
20 3597 708 3664 to be apathetic. Torpeo.
17 3662 909 3725 apathy. Torpor, torpēdo. Tac.
18 3725 449 3785 an ape. Sīmia.
17 3781 968 3853 to ape. ĭmĭtor, 1.—See to imitate.
