2034 3903
72 17 1993 86 amicis consociare aut conjungere injuriam.—You wished to asso-
72 83 1991 147 ciate him with yourself. Socium tibi eum voluisti adjungere. Cic.
67 148 1994 214 —If you had never associated with any man to commit wickedness
74 213 1992 278 or to gain the reward. Si nullam societatem neque sceleris neque
75 276 1992 343 præmii cum homine ullo coieras. Cic.—He had not only an ancient
74 340 1993 406 connexion with the Metelli, but he associated with them on the most
75 404 1992 471 intimate terms.—Cum Metellis erat ei non modo hospitium, verum
77 468 1995 536 etiam domesticus usus et consuetudo. Cic.—We associated together
77 532 1991 597 in close and delightful intimacy. Multâ et fecundâ consuetudine con-
73 600 695 662 juncti inter nos sumus.
17 661 1992 726 association. Either the fact, or the people composing the association.
81 725 1994 791 Sŏciĕtas.—The fact only, consŏciatio.—For a bad purpose, conjūrātio;
82 791 897 855 i. e. intimacy, q. v. consuetūdo.
19 856 670 917 to assort. Distrĭbuo, 3.
21 920 768 981 an assortment. Congĕries.
21 985 1932 1048 to assuage. Lēnio, 4; dēlēnio, mītĭgo, 1; mollio, 4; ēmollio, sēdo, 1.
21 1049 1994 1114 to assume. Sūmo, 3; assūmo.—Assume that some one is now be-
85 1113 1995 1177 coming wise. Finge aliquem nunc fieri sapientem. Cic.—For he
85 1176 1994 1242 lays aside the character of a friend when he assumes that of a judge.
87 1242 1525 1308 Ponit enim personam amici cum induit judicis. Cic.
22 1306 715 1371 assumption. Assumptio.
21 1370 1997 1436 assurance, i. e. certain knowledge. Cognĭtio; i. e. a positive statement,
87 1435 1999 1497 confirmatio; i. e. a promise, prōmissum; i. e. confidence, fĭdes.—
91 1499 1995 1563 I have the greatest and most confident assurance. In spem maxi-
88 1562 1196 1626 mam et verissimam adductus sum. Cic.
20 1626 1999 1691 to assure, i. e. inform to a certainty. Certiorem (aliquem) facĭo; i. e.
88 1690 1997 1755 give confidence to, confirmo.—Cæsar being assured by his spies...
91 1754 1999 1819 Per exploratores Cæsar certior factus.... Cæs.—He felt assured
90 1818 2002 1885 that Ambiorix would not fight. Pro explorato habebat Ambiorigem
90 1883 2001 1948 prælio non esse certaturum. Cæs.—While each individual seemed
90 1947 2003 2015 as if he could hardly feel assured of so important a fact, if he had not
91 2012 2002 2075 the assurance of his own eyes. Dum pro se quisque nisi ipse oculis
92 2078 2002 2141 suis credidisset, vix pro comperta tantam rem habiturus videretur.
95 2144 201 2195 Liv.
28 2207 531 2269 assuredly. Certe.
29 2272 929 2323 asthmatic. Asthmătĭcus. Plin.
29 2336 717 2401 astern. A puppi. Virg.
28 2398 2001 2464 to astonish. Attŏno (used by Ovid alone in any part except pass. part.
93 2465 1611 2528 attonitus), percello, 3; perturbo, 1; stŭpĕfăcio, 3. Sil.
31 2526 2003 2591 to be astonished. Stŭpeo, 2; obstupeo or obstupesco, 3; stŭpĕfīo.—
97 2592 1177 2651 To be astonished at, mīror, 1; admīror.
27 2653 2003 2709 astonished. Attŏnĭtus.—And their astonished minds are bewildered.
98 2718 1070 2783 Mentesque perculsæ stupent. Hor.
32 2781 769 2832 astonishment. Admiratio.
34 2848 810 2911 an astronomer. Astrŏlŏgus.
29 2913 696 2975 astronomy. Astrologia.
34 2976 2003 3041 asunder. Seorsum, sēpărātim.—To tear asunder, diīlănio, 1; dīlăcĕro.
96 3041 2004 3105 —To cut asunder, discindo, 3.—See to cut, tear, &c.—To come
95 3105 609 3167 asunder, dissĭlio, 4.
34 3163 1282 3234 an asylum. Ăsȳlum, perfŭgium, confugium.
34 3233 2001 3299 at is usally in both time and place rendered by the ablative case.
99 3296 2004 3362 With the names of towns the case dcpends on the number and de-
95 3361 2003 3429 clension of the Latin word; as, At Rome, Romæ (gen.); at Athens,
96 3425 2010 3494 Athenis (abl.); at Carthage, Carthagine. Domus follows the rule of
95 3489 1082 3556 the names of places; at home, domi.
161 3552 2005 3621 Sometimes it is rendered by the prepositions ad, apud, esp. after a
95 3617 2002 3685 verb of motion.—He raised his eyes at the name of Thisbe. Ad
94 3680 2003 3750 nomen Thisbes oculos erexit. Ov.—I pitched my camp at Cybistra.
98 3744 2004 3812 Castra ad Cybistra locavi. Cic.—He places armed men at all the
94 3808 2005 3878 entrances. Ad omnes introitus armatos opponit. Cic. Also with
