2012 3909
81 17 1986 85 to me, Erucius, to wont to kill two birds with one stone. Mihi
81 83 1986 151 videris, Eruci, unâ mercede duas res assequi velle. Cic. (in an
80 147 1987 213 oration.)—Nor is it my way to try and kill two birds with ons
82 209 1985 275 stone. Nec soleo duo parietes de eâdem fideliâ dealbare. Curius’
81 278 504 327 letter to Cicero.
18 342 677 406 a birdeatcher. Auceps.
19 402 1140 467 a birdeatcher's trade. Aucŭpium.
20 470 959 532 to be a bird catcher. Aucŭpor, 1.
19 533 1626 599 belonging to a birdcatcher, or to his trade. Aucŭpātōrius.
19 599 545 649 birdlime. Viscum.
18 660 1978 729 birth, i. e. the being born. Ortus, 4; i. e. the bringing forth, partus, 4.
80 725 1981 790 —Of noble birth, clarus genere (Liv.), clarâ domo natus (Nep.), claris
81 789 1977 853 natalibus. Tac.—A man of the lowest birth, infimo loco natus.
82 853 531 916 Cic.—See family.
17 917 539 982 birthday. Nātālis.
17 979 1612 1078 belonging to one's birthday, or birth. Nātālĭcius, nātālis.
21 1047 638 1111 to bisect. Discindo, 3.
20 1110 860 1176 a bishop. Episcopus. (Eccl.)
18 1173 1003 1240 bishopric. Episcopatus, 4. (Eccl.)
19 1239 1980 1306 a bit. Pars, frustum.—Part of a bridle, q. v. frēnum, lăpātum, lŭpi
85 1304 664 1368 (only of a severe bit).
19 1365 1074 1432 bit by bit. Carptim, frustātim. Plin.
18 1430 504 1496 a bitch.—See dog.
20 1493 1980 1566 to bite. Mordeo, 2; rĕmordeo, admordeo (the compounds chiefly poet.).
83 1559 1274 1623 —To bite one’s nails, ungues rodo. Hor.
21 1622 1428 1686 a bite. Morsus, 4; i. e. a piece bitten off, morsum.
19 1686 1521 1752 biting, adj. Mordax, metaph. (of words, &c.) acerbus.
18 1750 669 1814 biting, adv. Mordĭcus.
19 1813 1329 1879 bitter, lit. and metaph. Ăcerbus, ămārus, ācer.
19 1873 1568 1947 bitterly. Ăcerbe, ămāre (Suet.), ācrĭter (only metaph.).
22 1937 1983 2015 bitterness. Ăcerbĭtas, ămārĭtūdo (Plin.), *ămārĭties, *amaror. Lucr,
86 2009 578 2074 and perhaps Virg.
22 2072 816 2136 a bittern. Ardeŏla, asterias.
23 2138 579 2190 bitumen. Bĭtūmen.
22 2202 1094 2270 bituminous. Bĭtūmĭneus, bĭtūmĭnātus.
23 2268 993 2332 to blab. Vulgo, l; dīvulgo, garrio.
23 2330 1007 2398 inclined to blab. Garrŭlus, loquax.
25 2399 812 2458 aptness to blab. Garrŭlĭtas.
22 2458 1411 2525 black. Nĭger, āter, *nĭgrans, (as a bruise) līvĭdus.
25 2524 1682 2589 to be, or to grow black. Nĭgresco, 3; (as a bruise) līveo, 2.
26 2586 1986 2656 a blackamoor. Nīgrīta (Plin.) [though perhaps it means only one who
88 2649 616 2713 lives on the Niger].
26 2712 663 2774 a blackberry. Mōrum.
26 2776 619 2828 a blackbird. Mĕrŭla.
26 2841 1986 2912 to blacken, metaph. And so there arose a disgraceful contest between
89 2905 1986 2979 them, each wishing to blacken the other’s character. Itaque ibi
86 2971 1751 3033 fœdum certamen inquinandi famam alterius factum est. Liv.
24 3034 1728 3105 blackness. Nīgrĭtia (Plin.), nīgrĭtūdo (Plin.), *nigror. Lucr.
26 3101 638 3152 a blachmith. Făber.
27 3166 554 3217 a bladder. Vēsīca.
28 3227 1985 3296 a blade (of a sword). Lamĭna, sync. lamna.—See sword.—Of an oar,
88 3293 1986 3364 tonsa, palmŭla.—Of grass, &c., grāmen; scăpus, caules (Plin.),—these
88 3357 1070 3420 two require the mention of the herb.
26 3418 534 3479 a blain. Ulcus, 3.
26 3480 1987 3557 blame, i. e. fault. Culpa, crīmen; i. e. reproof, rĕprehensio, crīmĭnātio,
89 3547 1988 3621 vĭtūpĕrātio, vĭtūpĕrium (in either sense).—Who, being both guilty,
88 3611 1986 3678 seek to lay the blame on one another. Qui noxii ambo, alter in
90 3676 980 3729 alterum causam conferunt. Liv.
27 3737 1986 3812 to blame. Culpo, 1; reprehendo, 3; accūso, 1; arguo, 3; imprŏbo, 1;
88 3800 1988 3885 crīmĭnor, 1.—If this appears unseasonable you must blame Atticus.
