2075 3931
18 17 730 88 complimentary. Blandus.
21 73 1252 148 to complot. Conjūro.—See to plot, to conspire.
20 130 1995 212 to comply with commands, or wishes. Pareo, 2; obsĕquor, 3.—With
88 196 1991 276 wishes (esp. of an inferior), indulgeo, 2.—With conditions, accĭpio, 3.
85 258 1994 339 —I will comply with your wish. Geram tibi morem. Cic.—I have
90 324 1998 402 determined to appear to comply with both. Statui ut utrique a me mos
90 401 764 469 gestus esse videatur. Cic.
28 453 1868 531 component, the component parts of any thing. Partes, singulæ partes.
29 523 1326 595 to comport, i. e. to suit, q. v. Convĕnio, congruo.
32 582 1516 660 comportment. Mos, mōris, m. usu. in pl.—See manners.
30 641 2002 723 to compose, in every sense. Compōno, 3.—As an author, condo, 3; scrībo, 3;
95 708 2002 782 commentor, 1; (poet.), fingo, 3; făcio, 3, q. v.; ordĭno, 1; dispono.—To compose
98 772 2001 851 (a quarrel), dĭrĭmo, 3; sēdo, 1; to compose (the spirits), sēdo, 1, plāco,
106 836 2004 912 1.—They could neither compose their countenances. Neque vultum
105 898 2003 979 fingere poterant. Cæs.—When the mind has composed and refreshed
104 963 2005 1044 itself, then it recollects and recognises those things. Cum se collegit
105 1028 2005 1104 animus atque recreavit, tum agnoscit illa reminiscendo. Cic.—I entreat
107 1090 2005 1173 you to compose yourself and behave like a man. Oro te colligas virumque
110 1172 484 1234 præbeas. Cic.
39 1218 1898 1296 to be composed of. Consto, 1, c. e or ex and abl.; contĭneor, 2, c. abl.
41 1283 2012 1361 composed, i. e. made. Compŏsĭtus, conflātus; i. e. tranquil, sĕrēnus,
108 1360 634 1428 tranquillus, plăcĭdus.
45 1419 917 1491 composedly. Tranquille, plăcĭde.
46 1480 1458 1550 a composer, i. e. author. Scriptor, compositor, auctor.
47 1537 2014 1619 composition, i. e. the art. Compŏsĭtio; i. e. the manner in which a thing
113 1603 2015 1674 is made, structūra; i. e. the work done, ŏpus, -ĕris, n.; (if a writing), scrip-
114 1667 2016 1742 tum; philosophical compositions, philosophicæ scriptiones. Cic.—A com-
111 1736 1648 1805 position, i. e. an agreement, q. v., pactum, pactio, conventum.
50 1747 2023 1870 composure. Tranquillĭtas; i. e. the allaying of any agitation, sedatio; of
115 1869 708 1933 any quarrel, compositio.
50 1922 2020 1995 to compound. Compōno 3; misceo, 2; commisceo; conflo, 1; esp. in the
115 1987 2017 2061 passive of he thing produced.—(There is no imaginable misery which
116 2050 2022 2114 does not now seem to threaten the whole state) and I would gladly com-
117 2114 2021 2189 pound for my own private and domestic sufferings to deliver the republic
117 2178 2024 2256 from that. Quam quidem ego a republicâ meis privatis et domesticis in-
124 2251 1010 2304 commodis libentissime redemissem.
54 2315 675 2382 a compound. Mistūra.
56 2370 2026 2446 compound, or compounded. Compositus, conflatus, c. e or ex, and abl. of the
123 2447 777 2512 partof a word, junctus.
58 2498 2032 2570 to comprehend (in every sense). Comprehendo, 3; i. e. to contain, contĭneo;
124 2563 1709 2636 amplector, 3; complector, i. e. to understand, q. v.; intellĭgo, 3.
61 2632 995 2697 comprehensible. Comprehensĭbĭlis.
62 2690 2032 2760 comprehension, i. e. understanding. Comprehensio, intellĭgentia, intellectus, 4
131 2760 1180 2825 (Tac.); of particular statements, perceptio.
64 2823 936 2886 comprehensive. Amplus, largus.
66 2887 946 2952 comprehensiveness. Amplĭtūdo.
65 2946 2039 3015 to compress. Comprĭmo, 3; coarcto, 1.—I compressed as much as pos-
129 3011 2037 3079 sible the oracles of madness. Exposui, quam brevissime potui, furoris oracula.
132 3086 223 3135 Cic.
66 3142 1217 3209 compression. Pressus, 4; compressio, Vitr.
69 3202 2043 3280 to comprise. Contĭneo, 2; complector, 3; with part. complexus, used also
128 3272 919 3338 in pass. sense; comprehendo, 3.
71 3334 911 3407 a compromise. Comprōmissum.
70 3394 2049 3463 to compromise, to make a compromise or joint agreement. Comprōmitto, 3;
136 3461 2050 3531 c. pres. infin.—Who think that they themselves may be compromising
136 3524 2045 3595 their own reputation. Qui seipsos in discrimen existimationis venire arbi-
137 3587 2049 3654 trantur. Cic.—When the dignity and safety of all the nobles seemed
138 3651 2051 3720 likely to be compromised. Cum omnium nobilium salus et diguitas in
138 3719 802 3787 discrimen veniret. Cic.
75 3778 2052 3843 compulsion. Necessĭtas, vis f.—By compulsion from you, coactu tuo. Cic.
73 3840 648 3908 compulsory. Cōgens.
