2060 3872
18 19 805 80 to confabulate. Collŏquor, 3.
20 83 764 143 confabulation. Collŏquium.
20 146 990 208 confectionary. Bellāria, orum, pl. n.
22 211 728 274 a confectioner. Cŏquus.
21 263 2037 339 a confederacy. Fœdus, ĕris, n., sŏciĕtas, consŏciātio; i. e. states uniting in
84 329 1800 401 a league.—Fœderati populi. Cic.—Fœderatæ civitates. Cic.
21 392 2036 464 to confederate together. Convĕnio, 4., coeo; of individuals, esp. for a bad
87 468 580 530 purpose, conjūro, 1.
21 527 1085 589 a confederate. Sŏcius.—See conspirator.
21 592 2029 656 to confer, in every sense. Confĕro, irr.; i. e. bestow, impertior, 4; tribuo.
86 656 2027 718 —You conferred on him the splendid honour and dignity of royalty.
92 717 2023 784 Eum amplissimo regis honore et nomine affecisti Cic.—To confer upon,
87 782 2025 849 i. e. to converse about, to discuss. Collŏquor, c. de and abl.—A man with
88 847 2025 912 whom I may confer on every point. Homo quocum omnia una commu-
87 914 407 963 nicem. Cic.
28 971 2018 1041 a conference. Congressus, 4, congressio, collŏquium, colocūtio.—It is
86 1038 2015 1104 necessary to come to a conference and discussion with Antony. In Antonii
88 1107 1141 1170 congressum colloquiumque veniendum est.
22 1170 896 1231 to confess. Făteor, 2., confĭteor.
24 1234 941 1297 confessedly. Ex confesso. Quint.
23 1299 627 1349 confession. Confessio.
23 1363 1492 1422 a confessor, i. e. one who confesses his crime. Confitens.
22 1427 1038 1490 a confidant. Consilii particeps. Cæs.
23 1489 2004 1552 to confide in. Fido, 3 (perf. fīsus sum); c. dat.; or more usu. in prose c. abl.;
88 1555 1673 1617 confido, credo, 3; i. e. to entrust, credo, committo, 3; permitto.
25 1617 2008 1681 confidence. Fīdūcia, fīdentia, animi confīsio (Cic.); i. e. trust, fides; as, a
88 1680 1309 1743 man worthy of confidence, vir fide dignus. Cic.
23 1742 2006 1805 confident, confident in. Fīdens, c. abl. or c. dat.; confidens, i. e. bold; fortis,
87 1807 2006 1873 audax, fidens animi. Virg.—I am confident. Certo scio (Cic.); pro
90 1872 557 1920 certo habeo. Cic.
24 1933 2005 2001 confidently. Fīdenter confidenter; ănĭmōse, fortĭter.—To speak confidently,
90 2000 382 2056 confirmo, 1.
24 2058 2007 2129 confidential. Intĭmus.—When he had arrived at the confidential friend-
88 2128 2006 2192 ship of the king. Cum ad intimam regis amicitiam pervenisset. Nep.
86 2192 2006 2258 —A confidential friend of Catiline. Intimus Catilinæ. Cic.—Con-
89 2256 1472 2319 fidential jests. Joca non ullo modo divulganda. Cic.
25 2320 1289 2385 configuration. Forma, fĭgūra, fĭgūratio. Plin.
25 2385 1173 2447 confines, fines, pl. m. Confīnia, orum, pl. n.
25 2447 2004 2511 to confine, i. e. to bound. Dēfīnio, 4; termĭno, 1; i. e. to shut up, to im-
89 2510 2003 2577 prison, q. v.; claudo, 3; inclūdo, constringo, 3; tĕneo, 2 (as sickness con-
89 2573 2000 2641 fines); tĕneo, 2; detineo; i. e. limit, restrain, q. v. (one’s desires, &c.); con-
89 2634 2002 2705 tineo, cohĭbeo, 2; mŏdĕror, 1.—To be confined (as a woman in childbed),
90 2700 2001 2765 părio, 3; partŭrio, 4.—I will confine myself within those limits. Hos
91 2763 758 2826 mihi fines imponam. Cic.
25 2825 2002 2893 confinement, i. e. imprisonment. Carcer, ĕris, m.; vincŭla, ōrum, pl. n.;
91 2890 1051 2956 i. e. childbirth; partus, 4; puerpĕrium.
27 2955 2001 3021 to confirm. Firmo, 1; confirmo.—His language confirms it. Fidem facit
93 3021 407 3070 oratio. Cic.
28 3084 762 3137 confirmation. Confirmātio.
28 3150 653 3208 confiscate. Pūblĭco, 1.
28 3213 704 3264 confiscation. Publicatio.
27 3275 1055 3341 conflagration. Incendium, dēflăgrātio.
27 3338 1997 3409 a conflict. Pugna, prælium, certamen, concursus, 4.—Opposition of; i. e.
92 3403 1997 3470 inconsistency of one event or piece of evidence with another. Conflictio,
92 3466 397 3526 rĕpugnantia.
28 3528 1996 3602 to conflict, i. e. to be at variance with one another. Pugno, 1; repugno,
93 3592 1551 3663 conflīgo, 3.—They conflict. Inter se confligunt. Cic.
26 3654 975 3718 conflicting. Repugnans, contrārius.
28 3719 1997 3780 a confluence. Confluens.—There is the confluence of the Saone and the
91 3783 1743 3849 Rhine. Ibi Arar Rhodanusque amnes in unum confluunt. Liv.
