2042 3885
18 17 1994 102 to conform. Conformo, 1, trans.; accommŏdo, 1; intrans. obsĕquor. 3; morem
90 84 543 144 gĕro, c. dat. Cic.
12 127 1238 206 conformable. Convĕniens, consentāneus.
24 210 1118 274 conformably. Convĕnienter, congruenter.
21 273 789 324 conformation. Conformātio.
18 335 1734 402 conformity. Consensus, 3; convĕnientia, congruentia. Suet.
19 400 1995 465 to confound, in every sense. Confundo, 3; misceo, 2; i. e. to mingle; per-
89 468 1998 530 misceo; i. e. perplex, turbo, 1; perturbo; i. e. to overpower by argument,
89 531 1995 594 vinco, 3; i. e. to disappoint (plans) of their accomplishment, ēverto, 3.
88 593 1996 657 —By confounding a crowd of unworthy candidates with worthy ones.
91 656 1685 723 Turbam indignorum candidatorum intermiscendo dignis. Liv.
23 721 1491 777 a confounder, one who throws into confusion. Turbator.
26 786 1998 845 to confront. But he, when confronted with Diomedon, said, At ille coram
95 850 2000 914 Diomedonte.. inquit. Nep.—He confronts the enemy. Se ipse coram
96 915 414 963 offert. Liv.
26 977 1210 1041 to confuse. Confundo, 3; turbo, 1; perturbo.
28 1036 2000 1108 confused, in any sense. Confūsus, perturbatus; i. e. mixed, prōmiscuus; i. e.
95 1104 2001 1169 ill-arranged, of language, ideas, arguments, &c., complĭcātus, indistinctus
97 1168 880 1231 (Quint.); ĭnordĭnātus (Quint.).
31 1233 1206 1298 confusedly, confuse. Perturbate, prōmiscue.
28 1296 2001 1363 confusion. Confusio, perturbatio.—Of hostile plans. Eversio.—To throw
94 1361 2001 1424 into confusion (enemies). Fundo, 3; dissĭpo, 1.—Those men live upon
97 1426 2004 1476 confusion and seditions. Isti turbâ et seditionibus aluntur. Sall.—In
96 1489 2004 1555 what a universal disorder and confusion do we live. Quantâ in turbâ
97 1553 2004 1616 quantaque in confusione rerum omnium vivimus. Cic.—Considering the
96 1619 1008 1681 confusion. Ut in trepidâ re. Liv.
30 1683 957 1741 confutation. Rĕfutatio, confutatio.
32 1747 1513 1809 to confute. Rĕfuto, 1; confuto, rĕpello, 3; rĕdarguo, 3.
30 1809 2007 1875 to congeal. Congĕlo, 1, trans. and intrans.; trans. to make to congeal. As-
97 1877 559 1939 tringo, 3; cōgo, 3.
30 1939 881 2002 congelation. congĕlātio. Plin.
27 2001 2008 2068 congenial. Cognatus affinis.—Congenial souls. Concordes animæ. Virg.
29 2066 883 2129 congenital. Congĕnĭtus. Plin.
30 2133 738 2195 a conger. Conger. Plin.
32 2195 665 2259 congestion. Congestio.
31 2259 950 2322 to conglomerate. Conglŏmĕro, 1.
33 2320 2009 2386 to congratulate. Gratŭlor, 1; c. dat. pers., acc. of the cause, but more usu.
99 2383 2014 2450 c. de or pro or in and abl.—Congratulor (but whenever this occurs in Cicero
101 2452 824 2514 some editions read gratulor).
34 2515 1196 2578 desirous to congratulate. Grātŭlābundus.
34 2578 968 2641 congratulation. Gratŭlātio.
33 2642 832 2705 a congratulator. Gratŭlātor.
33 2703 2013 2771 to congregate, trans. Contraho, 3; congrĕgo, 1; intrans. coeo. 4; convĕnio,
106 2772 614 2820 4.—See to assemble.
36 2833 1314 2897 congregation. Conventus, 4; cœtus, 4; căterva.
35 2895 2015 2963 a congress. Congressus, 4; congressio.—The people assembled in con-
105 2963 578 3025 gress. Concĭlium.
34 3025 729 3088 congruity. Convĕnientia.
33 3091 1239 3153 congruous. Congruus, congruens, convĕniens.
34 3153 1136 3218 congruously. Congruenter, convenienter.
32 3217 798 3267 conical. Turbĭnatus. Plin.
35 3282 603 3332 coniferous. Cōnĭfer.
35 3346 773 3408 conjectural. Conjecturalis.
33 3408 2017 3475 conjecture. Conjectūra.—To form a conjecture. Conjecturam capio, facio
106 3473 2013 3539 (both in Cic., the latter the most usual).—As far as I could conjecture.
106 3538 2018 3601 Quantum conjecturâ consequebar. Cic.—Will you yourselves form no con-
99 3603 2019 3666 jectural opinion? Ipsi conjecturâ nihil judicabitis? Cic.—Nor is the
105 3667 2018 3731 affair judged of from vague conjecture. Neque levi conjecturâ respondetur.
108 3731 2016 3794 Cic.— I am afraid that I am mistaken in my conjecture. Vereor ne
106 3790 2012 3860 conjecturâ aberrem. Cic.—As far as I can conjecture. Quantum animi
