2031 3888
87 18 2000 87 mei conjecturâ colligere possum. Quint.—Nor did we merely conjecture
91 84 1339 152 this. Neque id conjecturâ prospiciebamus. Cic.
23 146 1999 219 to conjecture. Conjĭcio, 3; conjecto.—I will not insert my opinion by
89 212 2000 282 expressing conjectures on a matter obscured by antiquity. Meas opiniones,
88 277 1553 346 conjectando rem vetustate obrutam non interponam. Liv.
23 344 900 410 to conjoin. Jungo, 3; conjungo.
19 406 1095 486 sonjointly. Conjuncta, Conjunctim, und.
22 468 1999 543 conjugal. Conjŭgialis, connŭbialis sociālis (esp. of the marriage tie, con-
84 533 1735 603 jugal love, etc.), jŭgālis, măītus (both esp. of the marriage bed).
22 598 941 664 to conjugate. Dēclīno, 1. Quint.
23 663 920 731 conjugation. Declinatio. Quint.
22 726 1992 790 a conjunction, conjuncture, i. e. union. Junctio, conjunctio; i. e. oppor-
85 791 1998 858 tunity, q. v. tempus, ŏris, n. occasio.—At a critical conjuncture. Incertis
84 855 1996 919 rebus. Cic.—I saw that at such a conjuncture you could come to me
86 919 1997 984 without inconvenience. Animadverteram posse pro re natâ te non incom-
83 983 1037 1035 mode ad me venire. Cic.—See crisis.
21 1048 615 1113 conjuration. Măgĭce.
18 1113 2000 1178 to conjure, i. e. entreat. Obtestor, 1; i. e. to practise magic arts, canto, 1;
85 1179 977 1242 excanto, esp. to move by conjuring.
21 1245 566 1309 a conjurer. Măgus.
18 1306 1106 1372 a conjuring, i. e. entreating. Obtestātio.
18 1369 1998 1433 to connect. Jungo, 3, conjungo; necto, 3; connecto.—To connect with,
82 1434 1999 1498 adjungo. annecto, c. ad. and acc. or c. dat. — To be connected with,
83 1497 1459 1562 pertĭneo, c. ad. and acc. (and of relationship by Tac.).
17 1560 1998 1626 connected (of a speech). Contĭnens, i. e. by relationship, &c.; affinis.—
85 1625 1998 1675 For there exists a certain admirable connection and chain of circumstances
86 1689 2001 1753 that one appears connected with the other, and that all appear united and
83 1752 1996 1819 connected together. Est enim admirabilis quædam continuatio seriesque
84 1817 1998 1882 rerum, ut aliæ ex aliis nexæ, et omnes inter se aptæ colligatæque vi-
84 1881 1999 1944 dentur. Cic. — Having been long and intimately connected with this
83 1945 1999 2012 cause. In hâc causa, multum et sæpe versatus. Cic. — Because the
84 2009 1999 2074 opinion of men commonly connects me with your praises as your com-
83 2073 1993 2142 panion. Quod vulgo hominum opinio socium me ascribit tuis landibus.
85 2141 179 2189 Cic.
21 2201 2000 2270 connectedly. Contĭnenter, i. e. in connection with something else, conjuncto.
20 2266 2001 2331 connexion. Junctio, conjunctio, contĭnuatio, contāgio, i. e. relationship, lit.
84 2331 2001 2396 and metaph., affīnĭtas, prŏpinquĭtas, cognatio.—Connections, i. e. persons
87 2394 2001 2460 connected with one, affines, cognati, prŏpinqui.— I withdraw from all
87 2458 2001 2522 connection with public affairs. Me ab omni parte reipublicæ subtraho.
89 2524 2003 2575 Cic.— So that it has no connection with virtue. Ut nihil habeat cum
90 2589 742 2649 virtute conjunctum. Cic.
24 2649 1933 2714 to connive. Connīveo, 2; dissĭmŭlo, 1; i. e. to pretend to be ignorant of.
24 2714 738 2766 connivance. Dissĭmŭlatio.
26 2777 926 2830 one who connives. Dissĭmŭlator.
24 2841 927 2895 with connivance. Dissimulanter.
20 2907 777 2969 a connoisseur. Jūdex, ĭcis.
25 2971 1075 3036 connubial. Connūbialis.—See conjugal.
25 3036 2003 3100 to conquer. Vinco, 3; devinco, ēvinco, sŭpĕro, 1; dŏmo, 1; ēdŏmo, sŭbĭgo,
92 3102 2001 3165 3; dēbello, contundo, 3; contĕro. (The last three rarely used metaph.)
88 3165 2005 3228 —To conquer and put to flight. Fundo, 3; fŭgo, 1.—Our men con-
92 3231 2003 3293 quered in every quarter. Nostri omnibus partibus superiores fuerunt.
93 3295 1944 3356 Cæs. (And so on the contrary, to be conquered, inferiores esse. Cæs.)
28 3357 2003 3420 a conqueror. Victor, dŏmĭtor, dēbellator, sŭpĕrātor.—The first is alone
91 3421 2001 3484 used without a genitive of the conquered enemy.—Fem. victrix, dŏ
93 3482 1631 3546 mĭtrix. Both used as adj., victrix having neut. pl. victricia.
29 3546 2003 3612 conquest. Victōria.—Conquests, i. e. countries acquired by conquest, re-
94 3607 1798 3676 giones armis quæsitæ or bello partæ, parta per gladios regna. Ov.
32 3666 1145 3735 consanguinity. Consanguĭnĭtas, cognātio.
29 3730 2002 3801 conscience, consciousness. Conscientia.—One who is not influenced by
98 3791 2007 3863 conscience, to stifle which is indeed not hard. Qui animi conscientiam
