2052 3884
126 17 2028 88 A speech ought to consult the gratification of the ears. Voluptati aurim
127 84 875 150 morigerari debet oratio. Cic.
58 146 2028 210 consultation. Consultatio, deliberatio.—Without consultation, adj. of the
122 212 1660 279 agent or the action, inconsultus; adv., inconsulte.—See rash.
56 277 2027 342 to consume. Absūmo, 3; consūmo.—To consume (i. e. expend) upon,
125 344 677 405 insumo, c. in. and acc.
55 408 762 468 a consumer. Consumptor.
58 469 1195 531 consummate, i. e. excellent, q. v. Summus.
55 533 1405 601 to consummate. Perfĭcio, 3; confĭcio; absolvo, 3.
56 596 2022 661 consummation, i. e. end. Finis, exĭtus, 4; i. e. completion, absŏlūtio,
123 670 326 730 pĕractio.
54 724 1393 790 consumption. Consumptio; i. e. the disease, tābes.
54 788 1094 853 consumptive, of the disease. Tābĭdus.
51 854 2016 918 to be consumptive, in a consumption. Tabeo, 2; tābesco, 3 (the more usu.
120 922 417 984 prose form).
48 982 2021 1049 contact. Tactus, 4; contactus.—To come in contact with, contingo, 3.—In
120 1046 981 1112 the way of opposition, conflīgo, 3.
46 1110 2021 1178 contagion. Contactus, 4; contāgio. — Made ill by contagion, contactus,
109 1179 611 1242 part. from contingo.
47 1240 1033 1305 contagious. Contagione contaminans.
48 1299 2019 1368 to contain. Căpio, 3; teneo, 2; contĭneo, cohĭbeo, 2; complector, 3.—I
112 1367 2021 1433 could scarcely contain myself. Vix me continui. Ov.—Will you not
111 1431 2018 1498 contain yourself? Visne te cohibere? Cic. (The other three cannot be
110 1495 593 1556 used in this sense.)
47 1559 2016 1624 to contaminate. Contamĭno, 1; polluo, 3; inquĭno, 1; măcŭlo, 1; com-
110 1626 518 1685 maculo, fœdo, 1.
45 1687 901 1745 contamination. Lābes, măcŭla.
44 1751 1978 1819 to contemn. Temno, 3; contemno, sperno, 3; despĭcio, 3.—Ses to despise.
44 1816 1467 1879 a contemner. Conteptor; fem. contemptrix; spēctor.
41 1880 1249 1941 to contemplate. Contemplor, 1; consĭdĕro, 1.
41 1944 1705 2006 contemplation. Contemplatio, *contemplatus, 4; consideratio.
40 2008 1078 2070 contemplative. Contemplativus. Sen.
41 2074 878 2136 a contemplator. Contemplator.
39 2136 2008 2199 contemporary. Æquālis (used as adj. or as subst.). — Alcibiades and
103 2198 2006 2267 Critias were contemporary with this period. Huic ætati suppares fuere
101 2265 741 2324 Alcibiades, Critias. Cic.
36 2330 934 2392 contemporaneously. Sĭmul, ūna.
33 2392 2006 2461 contempt. Contemptus, 4; contemptio, despĭcientia, despĭcātus, 4; asper-
98 2463 232 2508 natio.
33 2521 2002 2585 contemptible. Vīlis, contemnendus, and other gerundives.—To be con-
100 2587 982 2649 temptible, or to be despised, jăceo.
33 2649 1160 2709 contemptuous. Fastīdiōsus.—See insolent.
30 2713 2001 2781 contemptuously. Contemptim (of offering insults); fastīdiōse (of showing
97 2778 311 2837 disgust).
28 2840 1190 2904 contemptuousness (disgust at.) Fastidium.
28 2904 1997 2968 to contend. In every sense, contendo, 3; c. cum. and abl. or contra or ad-
91 2969 1996 3035 versus c. acc.; i. e. to fight, q. v., pugno, 1; certo, 1; decerto; i. e. to af-
91 3034 1993 3106 firm, affirmo, 1.—To contend against, rĕsisto, 3; esp. in argument,
90 3102 911 3163 rĕpugno, c. dat., oppugno, c. acc.
27 3160 1992 3230 content. Contentus.—Be content with my not complaining to you of the
92 3226 1992 3292 injustice of your brother. Satis habeas nihil me tecum de tui fratris in-
82 3289 1990 3352 juriâ conqueri. Cic.—He says that he is content and more than content.
90 3354 1990 3420 Se satis superque habere dicit. Cic.—We have reason to be content.
88 3418 2006 3490 Agitur præclare. Cic—They are not content with not being despised.
90 3481 1025 3532 Non iis satis est non contemni. Cic.
21 3546 710 3607 to content. Satisfăcio, 3.
23 3607 653 3667 contentedly. Contente.
20 3673 1492 3732 contentment, i. e. a contented mind. Animus contentus.
17 3731 988 3796 contention. Contentio, lis, lītis, fem.
20 3795 880 3859 contentious. Pugnax, litĭgiōsus.
