1995 3887
37 18 735 81 contentiously. Pugnaciter.
37 83 1127 146 contentioumess. Pugnācĭtas. Quint.
36 150 935 211 to contest. Rĕsisto, 3; rĕpugno, 1.
35 207 1967 277 a contest of any kind. Certāmen.—Carried on by peaceful means, contentio,
92 275 1967 339 lis, -lītis, f. Discussion, contrōversia, disceptātio.—They were afraid,
95 338 1965 403 I imagine, of a close contest; as if there could have been any real danger.
89 402 1970 467 Etenim verebantur, credo, angustias; quasi res in discrimen aliquod posset
87 470 397 518 venire. Cic.
27 532 840 598 context. Contextus, 4. Quint.
28 594 703 658 contiguity. Propinquĭtas.
27 658 1595 726 contiguous. Contiguus.—To be contiguous to. Contingo, 3.
28 722 730 789 continence. Contĭnentia.
27 786 1268 850 continent, in any sense, adj or subst. Contĭnens.
27 851 707 912 continently. Contĭnenter.
28 916 1142 978 a contingency. Res, cāsus, 4; ēventus, 4.
27 979 1046 1044 contingent. See to happen, conditional.
28 1044 884 1107 a contingent, i. e. a share. Pars.
27 1106 826 1172 contingently. Sub conditione.
27 1170 1805 1237 continual. Assĭduus, contĭnuus, crēber, -bra, -brum.—See perpetual.
29 1235 970 1299 continually. Assidue, crēbro, sæpe.
28 1299 1967 1364 continuance, continuation, i. e. the lasting of one thing. Dūrātio; i. e. the
81 1365 1964 1429 succeasion of many things, contĭnuatio.—In continuation, porro.—See more-
27 1491 1972 1557 to continue, intrans., i. e. to last, q. v. Dūro, 1; persto, 1; măneo, 2 (of
80 1557 1965 1624 stationary things), so permaneo; to continue an occupation, a task, &c.,
80 1620 1965 1687 pergo. 3. c. infin.—Having continued his march day and night. Die
78 1684 1962 1757 ac nocte continuato itinere. Liv.—Philopœmen is continued in office.
79 1747 1963 1816 Philopœmeni continuatur magistratus.—That Cæsar’s command might not
79 1810 1965 1878 be continued. Ne Cæsari imperium prorogaretur. Cic. —A banquet
79 1877 1964 1944 which we continue till late at night. Convivium quod ad multam noctem
75 1941 518 2001 producimus. Cic.
24 2004 1574 2068 continuity, continuous, duration or recurrence. Contĭnuatio.
24 2071 646 2133 to contort. Distorqueo.
22 2128 790 2183 contortion. distortio.
22 2199 607 2248 contraband. Illĭcĭtus.
22 2262 1965 2326 a contract, i. e. agreement, q. v. Pactum conventum; i. e. agreement to do
74 2325 1961 2390 such and such a thing for a stipulated price, as we say, to build by contract,
75 2388 536 2455 lŏcātio, redemptio.
21 2452 1965 2519 to contract, in any sense. Contraho, 3; i. e. to lessen, q. v. mĭnuo,
78 2518 1964 2584 3; imminuo, diminuo; i. e, to receive (injury etc.), căpio, 3.—A man
74 2582 1964 2645 who had contracted immense debts. Qui alienum æs grande conflaverat.
76 2646 1964 2712 Sall.—Unless he had contracted a bad opinion of you. Nisi de vobis
72 2710 1962 2775 malam opinionem animus imbibisset. Cic.— The Senate has now con-
75 2774 1964 2838 tracted such a habit of mercy. Senatus in eam jam benignitatis consuetu-
77 2840 1965 2902 dinem venit. Cic.—Does Romulus seem to you to have contracted
75 2903 1965 2967 mariages with the Sabines? An vero tibi Romulus Sabinorum connubia
77 2966 1962 3031 videtur conjunxisse? Cic.—The stain contracted in the former war with
77 3029 1748 3094 Mithridates. Macula Mithridatico bello superiore suscepta. Cic.
20 3093 1970 3156 to contract for (the execution of a work, etc.). Of the employer, lŏco, 1; of
78 3157 1583 3223 the person who undertakes to do it, conduco, 3; rĕdĭmo, 3.
20 3224 609 3284 contraction, contractio.
19 3284 1964 3352 a contractor. Rĕdemptor, conductor. — The employer who gives out a con-
78 3353 588 3412 tract, lŏcator. Plin.
18 3413 1964 3478 to contradict. Contradico, 3; ōblŏquor, 3.—You were so senseless that
76 3476 1963 3546 all through your speech you were contradicting yourself. Tam eras excors,
76 3544 1331 3610 ut totâ in oratione tuâ tecum ipse pugnares. Cic.
17 3606 1436 3667 contradiction. Contradictio.—In contradiction, contra.
19 3671 1965 3736 contradictory. Contrārius.—But most people do not see how contradic-
76 3735 1966 3803 tory to one another these things are. Sed hæc inter se quam epugnent
73 3799 734 3862 plerique non vident. Cic
