2032 3947
35 17 843 84 contradistinction. Oppŏsĭtio.
33 80 1722 149 in contradistinction, to contradistinguish from, adj. Oppŏsĭtus.
32 148 1011 212 contrariety. Repugnantia, discordia.
33 210 1529 274 contrariwise, on the contrary. Contra, e contrario. Cic.
31 275 2009 340 contrary. Contrārius, oppŏsĭtus, adversus (used esp. of foul winds, to which
98 340 2007 405 the two first are not applied).—They go backwards with a contrary
93 403 2005 469 motion to that of the heaven. Versantur retro contrario motu atque cœlum
97 465 2005 534 Cic. — He adopted a decision contrary to that which he had formed a
95 530 2005 597 little before. Contrarium decernebat ac paulo ante decreverat. Cic.—
98 594 2003 657 I think the contrary on that subject. Id ego contra puto. Cic.—The
95 658 1999 723 contrary of which is done by most people. Quod contra fit a plerisque.
96 722 2001 786 Cic.—He dared to issue an edict that the senate, contrary to the vote
94 786 2001 853 to which it had come itself, should return to its usual dress. Edicere est
94 850 1999 913 ausus, ut senatus, contra quam ipse censuisset, ad vestitum rediret. Cic
94 914 2000 980 —I fell in with the man contrary to his expectation. Homini præter
94 979 1997 1044 opinionem incidi. Cic.—My opinion is very contrary. Longe mihi
93 1041 1998 1106 alia mens est. Sall.—Nor do the Gods think this contrary to their di-
94 1106 1997 1174 nity. Neque hoc dii alienum ducunt dignitate suâ. Cic.—When the
92 1170 1995 1235 intention of the writer appears to be contrary to his language. Cum videtur
93 1234 1997 1300 scriptoris voluntas cum scripto ipso dissentire. Cic.—You sometimes
91 1299 1997 1365 express a contrary opinion to mine. Soles nonnunquam a me dissentire. Cic.
24 1361 1998 1428 contrast, i. e. difference. Discrĕpantia; i e. the act of contrasting, oppŏsĭtio.
91 1431 504 1480 —See differonce.
27 1491 2000 1557 to contrast. Oppōno, 3, c. dat.; conflĭgo, 3 (factum cum scripto, Cic.).—See
91 1568 373 1619 to compare.
24 1619 1144 1686 to contravene, i. e. violate, q. v. Viŏlo, 1.
26 1681 1998 1747 to contribute, trans. Confĕro, irr. (often sine c. of what is given) contrĭbuo,
92 1747 1997 1814 3; intrans. to contribute to, i. e. to assist in, adjuvo, 1; c. acc. or c. ad
88 1810 1997 1876 and acc.—lt contributed greatly to the victory. Maximo ad victoriam
90 1875 1994 1937 fuit adjumento. Cic.— The shouts contributed greatly to alarm our men.
89 1937 1995 2002 Multum ad terrendos nostros valuit clamor. Cæs. — Which (house, &c.)
89 2001 1996 2067 was thought to have contributed to procure its master, who was a novus
86 2066 1996 2134 homo, the consulship. Quæ cum vulgo videretur suffragata domino, novo
87 2131 1997 2197 homini ad consulatum putabatur. Cic.—Which contributes exceedingly to
85 2195 1996 2258 our safety. Quod ad incolumitatem valet plurimum. Cic.— A thing
85 2257 1996 2324 which contributed greatly to the termination of the business. Quæ
86 2323 2000 2389 quidem res ad negotium conficiendum fuit maxime opportuna, Cæs.—
87 2387 1995 2452 Fear contributes very much to carefulness in guarding. Metus plurĭmum
84 2452 1996 2518 confert ad diligentiam custodiendi. Cic.—It contributes very much to
85 2514 1890 2579 the success of the cause itself. Ipsi caussæ plurimum confert. Quint.
19 2581 566 2630 contrite. Pœnĭtens.
18 2641 679 2709 contrition. Pœnĭtentia.
19 2705 1997 2772 contrivance, i. e. ingenuity in contriving. Ars, inventio; i. e. a thing con-
85 2770 1336 2836 trived, inventum; the act of the thing, consĭlium.
20 2814 1999 2899 to contrive. A plan, ĭneo, 4; a plan, or a thing, excōgĭto, 1; invĕnio, 4;
86 2897 1218 2962 rĕpĕrio, 4; māchĭnor, 1; mŏlior, 4; struo, 3.
20 2963 1381 3028 a contriver. Auctor, māchĭnātor, repertor, inventor.
21 3028 1818 3091 control, i. e. power of ruling. Rĕgĭmen, mŏdĕratio.—See government.
19 3090 1997 3158 to control, i. e. to govern; q. v. Rĕgo, 3; i. e. to restrain, coeceo, 2; cohĭbeo,
86 3158 1389 3220 2; rĕfrēno, 1; to govern or to restrain, mŏdĕror, 1.
22 3223 1176 3283 controversy. Contrōversia.—See discussion.
22 3286 982 3349 to controvert. Nĕgo.—See to deny.
20 3349 739 3399 contumacious. Contŭmax.
19 3412 874 3474 contumaciously. Contŭmācĭter.
20 3476 696 3535 contumacy. Contŭmācia.
21 3536 1114 3602 contumelious. Contŭmēliōsus, injūriōsus.
21 3599 1114 3668 contumeliously. Contŭmēliŏse, injūriōse.
20 3660 885 3732 contumely. Contŭmelis, injūria.
21 3724 661 3787 a contusion. Sugillatio.
22 3785 1991 3859 convalescence.—I am glad to hear of your convalescence. Valetudinem
88 3850 1350 3923 tuam jam confirmatam esse a veteri morbo gaudeo.
