2044 3887
77 17 1987 84 habuit. Cæs.—(He said) that he would give me credit till any day
82 82 1987 150 I chose. (Dixit) se nomina fcturum quâ ego vellem die. Cic.—I think
82 146 1983 214 this not only no credit, but even a reproach to them. Iis non modo non
79 212 1190 276 laudi verum etiam vitio dandum puto. Cic.
19 279 982 337 to credit. Crēdo, 3.—See to believe.
18 343 1047 407 creditable. Hŏnestus, amplus, dĕcōrus.
19 408 596 470 creditably. Honeste.
19 472 591 522 a creditor. Crēdĭtor.
19 537 621 598 credulity. Crēdŭlĭtas.
21 601 596 650 credulous. Crēdŭlus.
24 662 670 728 credulously. Se rashly.
21 724 814 787 creed, i. e. opinion. Sententia.
23 792 521 849 a creek. Sĭnus, 4.
24 854 1988 919 to creep. Rēpo, 3; serpo, 3; repto, 1.—To creep in, over, &c., ōbrepo, ir-
89 919 1988 982 repo.—To creep through, across, perrepo.—Who had crept into his inti-
87 983 1483 1046 macy. Qui se ejus in familiaritatem insinuâsset. Cic.
24 1046 873 1110 creeping. Reptābundus. Sen.
24 1109 943 1174 creeping, subst. Reptātio. Quint.
25 1173 1417 1236 crescent, i. e. with two horns (of the moon). Bĭcornis.
27 1239 1284 1297 to bend into the form of a crescent. Lūno, 1.
26 1304 755 1366 crescent-shaped. Lūnātus.
27 1369 704 1431 a cresset. fax, făcis, fem.
27 1429 1989 1492 a crest. Crista.—Of a helmet, ăpex, ĭcis, mas.—He aised the city, dis-
93 1494 1990 1558 heartened by misfortunes, dispirited and crest-fallen as it was, to hope.
93 1558 1989 1622 Civitatem fractam malis, debilitatam, abjectam metu, ad spem erexit. Cic.
28 1621 1217 1684 crested, having or wearing a crest. Cristātus.
29 1685 758 1743 a crevice. Rīma, hiātus, 4.
30 1748 745 1798 full of crevices. Rīmōsus.
32 1812 1991 1880 a crew of sailors. Rēmĭgium classiarii, pl.; generally grex, gregis, mas.,
95 1880 240 1926 turba.
32 1939 1165 2006 a crib. Præsēpe; i. e. a cradle, q. v., cūnæ.
33 2004 720 2069 a cricket. Gryllu. Plin.
34 2070 469 2119 a crier. Præco.
33 2133 857 2198 the office of crier. Præcĭnium.
35 2198 1990 2263 a crime. Crĭmen, făcĭnus -ŏris, neut., flāgĭtium, scĕlus -ĕris, neut., dēlictum,
97 2266 390 2313 commissum.
34 2326 1993 2391 criminal, adj, scĕlestus, scĕlĕrātus, nĕfārius, nŏcens, făcĭnŏrōsus (this last
98 2395 865 2455 only of persons).—See wicked.
33 2455 1157 2519 a criminal. Reus, fem. rea; sons, tis, mas.
34 2518 814 2579 criminally. Scĕleste, nĕfārie.
34 2581 1993 2649 criminality. Scĕlus -ĕris, neut., imprŏbĭtas.—See wickedness.—He punished
100 2646 1995 2712 the men to whom that criminality attached. De hominibus qui in eâ noxâ
101 2709 926 2772 erant, supplicium sumpsit. Liv.
38 2770 1077 2836 criminatory. Crīmĭnōsus, accūsātorius.
38 2837 1376 2901 in a criminatory manner. Crīmĭnōse, accūsātōrie.
40 2901 1051 2966 to crimple. Corrūgo, 1.—See to ruffle.
39 2966 694 3023 crimson, subst. Coccum.
41 3030 1326 3096 crimson, adj. Coccĭneus (Plin.), coccĭnus (Juv.).
41 3096 743 3159 to cringe to. Assentor, 1.
42 3159 1409 3225 cringing, subst. Assentatio; dimin. assentātiuncŭla.
44 3225 2007 3290 to cripple. Mŭtĭlo, 1; debĭlĭto, 1.— The Ædui being crippled by so
107 3291 2009 3352 many disasters. Ædui tot calamitatibus fracti. Cæs.—Tbe Hernici
108 3353 2009 3420 report that the Volsci, although their power is greatly crippled, are re-
108 3417 2013 3480 cruiting their army. Hernici nuntiant Volscos, etsi accisæ res sint, reficere
110 3482 2008 3544 exercitus. Liv.—Horsemen came to Cæsar from Q. Atrius, who told him
111 3543 2015 3609 that his ships were nearly all crippled. Equites ad Cæsarem a Quinto
112 3608 1710 3672 Atrio venerunt, qui nuntiarent prope omnes naves afflictas esse.
45 3671 1434 3739 crippled, adj. Mancus, mŭtĭlus.; i. e. lame, claudus.
46 3734 2018 3803 a crisis. Discrimen.—He deserted them at the crisis of danger. In ipso
111 3796 2019 3862 periculi discrimine destituit. Liv.—Matters are come to a crisis. Res
