2047 3858
18 19 871 80 debility. Dēbĭfĭtas, imbēcillĭtas.
20 82 559 133 debonair. Festīvus.
21 144 583 208 debonairly. Festīve.
20 208 1164 274 a debonair manner. Festīvĭtas, jūcunditas.
22 270 1979 337 a debt. Dēbĭtum, æs alienum.—We must ask, I suppose, whether that
85 334 1978 399 man Heius was in debt.... I see that he not only was not in debt at all, but
87 401 1977 466 that he had, and always had had, many others in debt to him. Quærendum
88 465 1976 532 est, credo, Heius iste num æs alienum habuerit.... Video non modo in
90 529 1978 596 ære alieno nullo, sed in suis nummis multis esse et semper fuisse. Cic.—
91 593 1975 657 To incur debt, æs alienum facio, contraho, suscipio, in æs alienum incide
90 657 1978 722 all in Cic.—Who thinks that he can get out of debt? Qui se exire
91 720 1979 785 alieno putat posse. Cic.—His debts were paid. Æs alienum ejus dis-
93 785 1979 849 solutum est. Cic.—Many cities were delivered from all their debts.
92 848 1980 917 Multæ civitates omni ære alieno liberatæ sunt. Cic. Nomen also is used.
91 912 1978 969 as the names of the debtors were entered in the creditors’ books.—I
94 975 1982 1042 induced the people of Salamis to consent to pay the whole debt to Scoptius.
93 1040 1982 1106 Salaminios adduxi ut totum nomen Scoptio vident solvere. Cic. —So,
94 1103 1983 1169 nomen dissolvo, exsolvo, expedio all in Cic.—(It was found) that he
95 1168 1986 1234 had called in all the debts owing to him. Nomina sua exegisse. Cic.—
96 1232 1988 1294 He incurs debts. Nomina facit. Cic. (But sometimes nomina facio is
95 1296 1990 1361 to allow others to get into one’s own debt).—I have received a letter
97 1360 1991 1425 from Avianius, who says, most liberally, that he will allow me to get in his
97 1424 1992 1489 debt, and to fix my own time for payment. Accepi Avianii literas, in
25 1488 1991 1554 quibus hoc erat liberalissimum, nomina se facturum quâ ego vellem die.
100 1552 1998 1616 Cic.—A fraudulent expediency was contrived, namely, that of trans-
99 1615 2000 1679 ferring the debt to allies who were not bound by those laws. Via fraudis
99 1679 1999 1744 inita est, ut in socios, qui non tenerentur iis legibus, nomina transcriberent.
103 1741 2001 1808 Liv.—I could not, therefore, bring myself to remain any longer in your
100 1806 1350 1869 debt. Non potui igitur tibi debere diutius. Cic.
39 1868 2006 1937 a debtor. Dēbĭtor.—I am thought an honest debtor. Bonum nomen
103 1935 503 1985 existimor. Cic.
37 1996 642 2062 decadence.—See decay.
39 2061 2012 2129 to decamp.—When he had decamped, and moved towerds Arretium. Cum
105 2128 1079 2179 Arretium ersus castra movisset. Cic.
40 2191 654 2242 a decanter.—See bottle.
41 2255 741 2316 to decapitate.—See behead.
42 2318 2024 2385 to decay, lit. and metaph. Marceo, 2; marcesco, 3; deflōresco, 3; metaph. of
103 2384 2016 2448 states. Dīlabor, 3; concĭdo, 3.—My memory decays. Memoria minuitur
109 2448 1422 2511 Cic.—To cause to decay. Dissolvo, 3; dissĭpo, 1.
46 2510 2019 2574 decay. Dissĭpātio, dissŏlūtio, intĕrĭtus, 4. Of a state, &c., occāsus, 4;
109 2576 252 2622 ruina.
47 2637 1017 2701 decease. Mors -tis, fem.—See death.
49 2701 871 2753 deceased. Mortuus.—See dead.
50 2764 1066 2828 deceit. Fraus dis, fem. fallacia, dŏlus.
50 2827 2013 2895 deceitful. Fallax, falsus, fraudŭlentus, vĕtĕrātōrius; i. e. not trustworthy,
115 2892 1805 2961 infīdus; i. e. treacherous, perfĭdus; i. e. cunning, dŏlōsus, subdŏlus.
50 2955 954 3017 deceitfully. Fallaciter, falso, ficte.
48 3019 2018 3087 to deceive. Fallo, 3; dēcĭpio, 3.—If you should hear that the man who
113 3082 2017 3151 has made you the promise is deceiving yon, as they say. Si eum qui tibi
111 3149 2019 3214 promiserit, fucum facere, ut dicitur, audieris.—I easily submit to be
113 3212 2018 3309 deceived. Verba dari mihi facile patior in hoc, meque libenter præbeo
113 3276 517 3327 credulum. Cic.
51 3341 1192 3405 a deceiver. A deceitful person. Vĕtĕrātor.
51 3404 1166 3469 December, subst. and adj. December -bris.
52 3468 880 3528 decemvirate. Dĕcemvĭratus, 4.
51 3531 782 3598 decemvirs. Dĕcemvĭri, pl.
52 3594 821 3647 of decemvirs. Decemviralis.
54 3657 2033 3726 decency, i. e. fitness. Dĕcentia, condecentia, dĕōrum; i. e. modesty,
119 3724 351 3770 mŏdestia.
56 3783 630 3835 decennial. Dĕcennis.
