2042 3887
27 16 929 84 deformity. Dēformĭtas, turpĭtūdo.
28 83 1627 149 to defraud. Fraudo, 1; defraudo, dēcĭpio, 3; circumscribo, 3.
27 147 1032 213 defrauding. Fraudatio, circumscriptio.
29 210 1118 277 to defray, i. e. supply, q. v. Suppĕdĭto, 1.
28 275 1059 337 deft. Dexter, -ĕra, -erum.—See skilful.
29 339 481 403 deftly. Dextĕre.
29 404 828 457 defunct. Mortuus.—See dead.
28 469 2006 538 to defy, i. e. challenge. Prōvŏco, 1; lăcesso, 3; f. e. to despise, q. v., sperno, 3.
27 532 739 596 degeneracy. Dēpravatio.
29 594 787 660 degenerate. Dēgĕner, -ĕris.
30 655 1089 725 to degenerate. Dēgĕnĕro, 1; dēfĭcio, 3.
31 724 2001 793 degradation, i. e. disgrace, q. v. Infamia, dedĕcus -ŏris, neut.—His degra-
95 785 2001 856 dation from the consulship ought to excite great compassion. Misericordiam
95 850 2009 921 spoliatio consulatûs magnam habere debet. Cic—What degradation of
94 916 2003 979 domestic infamy is your life not stamped with? Quæ nota domesticæ
94 978 1199 1045 turpitudinis non inusta vitæ tæ est? Cic.
31 1043 2003 1111 to degrade, i. e. disgrace, q. v. Dēdĕcŏro, 1; măcŭlo; i. e. deprive (of rank),
93 1108 2004 1170 mŏveo, 2; prīvo, 1, c. abl. of the rank.—An old man who had had a
92 1171 2004 1240 triumph was degraded by the Censors. Notatus est a Censoribus triumphalis
94 1235 2004 1298 senex. Plin.—Those whom he degraded from their senatorial rank.
95 1300 2005 1370 Quos senatorio loco movit. Cic.—The Decemvirs complaining that they
94 1363 1721 1428 were degraded. Decemviri querentes se in ordinem cogi. Liv.
35 1427 2012 1491 degraded. Infāmis, turpis.—The censor affixed a mark to the names of
95 1491 2005 1557 those who had been degraded from the senate. Censores motis senatu as-
95 1555 658 1603 cribebant notas. Liv.
33 1617 1250 1683 degree. Grădus, 4; i. e. rank, lŏcus, stătus, 4.
32 1681 861 1745 by degrees. Sensim, paullātim.
14 1743 2006 1818 dejected. Tristis, ex-spes.— Dejected, broken-hearted, ad prostrati ægri-
96 1808 2007 1876 tudine, afflictus, debilitatus, jacens (Cic.); so, afflictus mærore, luctu.
100 1872 2007 1941 Cic.—He roused to hope the state dejected with its misfortunes, dis-
95 1934 2005 2005 heartened and terrified. Civitatem factam malis, debilitatam, abjectam
97 2001 797 2066 metu, ad spem erexit. Cic.
34 2060 2003 2134 dejection. Ægrĭtūdo, tristĭtia.—Your utter dejection and dispirited stata.
102 2129 1157 2195 Debilitatio atque abjectio animi tui. Cic.
33 2189 697 2243 deification. Consĕcratio.
35 2253 571 2319 to deify. Consĕcro.
35 2318 593 2386 to deign. Dignor, 1.
34 2383 1757 2453 deity, i. e. Divinity. Dĭvīnĭtas, i. e. God, q. v., nūmen, -ĭnis, neut.
36 2447 2010 2515 to delay, trans. in every sense. Mŏror, 1; rĕmoror, dēmoror.—To make
99 2511 2010 2584 slow, tardo, 1; rĕtardo; i. e. postpone, q. v., diffĕro, irr.; i. e. protract,
99 2575 1354 2641 traho, 3; i. e. hinder, q. v., impĕdio, 4; obsto, 1.
37 2636 1580 2703 to delay, intrans. Cunctor, 1; mŏror, 1; rĕmoror, dēmoror.
37 2698 1598 2773 delay. Mŏra, cunctatio; i. e. postponement, dĭlatio, prōlātio.
37 2762 1226 2829 one who delays. Cunctātor, mŏrātor, dīlator.
39 2826 1457 2899 delectable. Jūcundus (see ămœnus, grātus, pergrātus).
38 2887 1586 2964 delectation. Ōblectātio, dēlectatio, vŏluptas.—See pleasure.
41 2955 1805 3029 to delegate. Lēgo, 1; delēgo; i. e. entrust, mando, 1; committo, 3.
38 3019 605 3084 a delegate. Lēgātus.
41 3083 866 3153 delegation. Lēgatio, delegatio.
38 3147 1625 3220 deleterious. Pernĭciōsus, noxius, damnōsus—See provisions.
41 3211 2011 3284 to deliberate. Dēlībĕro, 1; consŭlo, 3; consulto, 1 (by oneself, i. e. to
103 3276 2012 3348 meditate), mĕdĭtor, 1; cōgĭto, 1.—Wishing to, about to deliberate, dē
107 3340 441 3390 lĭbĕrabundus.
42 3398 2011 3499 deliberate, i. e. cautious. Cautus, prudens; i. e. determined (as a deliberate
105 3470 777 3532 purpose), certus, firmus.
43 3526 2013 3611 deliberately, i. e. with deliberation. Cauta, prūdenter; i. e. resolately,
105 3592 2013 3664 firme.—Which you have deliberately sworn to. Quod ex animi tui
105 3655 666 3718 sententiâ jurâris. Cic.
41 3716 2017 3798 deliberation, i. e. consideration. Dēlĭbĕratio, consīdĕrātio, consultatio;
101 3782 2018 3862 i. e. prudence, prūdentia, cautio, cūra.—Nothing has ever happened to
