2040 3804
98 17 1992 87 endeavour to preserve them in their allegiance. Huic mandat Rhemos
105 84 1085 147 adeat, atque in officio contineat. Cæs.
34 146 1714 212 a deputy, i. e. person deputed. Lēgātus; i. e. substitute, vĭcārius.
33 210 1335 275 to derange. Turbo, 1; perturbo.—See disarrange.
35 274 1986 346 derangement, i. e. disarrangement. Perturbatio; i. e. insanity, q. v., āmentia,
97 341 291 388 insānia.
32 401 1107 467 deranged, i. e. mad, q. v., āmens, insānus.
34 465 898 529 dereliction. Dērĕlictio, dēsertio.
36 528 1017 593 to deride. Rīdeo, 2; dērideo, irrideo.
35 592 752 653 a derider. Dērīsor, irrisor.
37 656 1993 725 derision. Rīsus, 4; irrĭsio, jŏcus, in pl. joci, and joca, ludĭbrium (the two
100 720 641 785 last often the object.).
39 784 1888 852 derisive (of sharp sayings). Mordax.—Derisively, per ridiculum. Cic.
41 847 655 899 derivation. Dērīvatio.
41 912 1997 981 to derive. Căpio, 3; dūco, 3; dēdūco, 3; traho, 3; haurio, 4.—Profit, &c.,
100 976 1035 1042 făcio, 3; percĭpio, 3.—See to acquire.
43 1040 1996 1107 to derogate. Dērŏgo, 1; detraho, 3.—He has derogated from his own
105 1106 1248 1167 dignity. Imminuit auctoritatem suam. Cic.
42 1167 998 1232 derogation (see above). Immĭnūtio.
44 1231 735 1296 derogatory to. Indignus.
46 1295 1366 1361 to descant upon. Dissĕro (3), de.—See to discuss.
46 1358 2000 1427 to descend. Descendo, 3.—Of ain, &c., cădo, 3; dēcĭdo.—Of rivers,
103 1424 2001 1493 dēfluo, 3; dēlābor, 3.—From a more dignified to a more trivial topic (Cic.);
102 1488 2001 1554 to be descended from, i. e. born of (such and such a family), ŏrior, 3;
103 1553 2003 1619 nascor, 3; c. abl. or c. prep.; a or de and abl.—For my argument now
105 1616 1999 1684 descends from the friendships of the wise to ordinary acquaintanceships.
103 1682 1999 1747 Jam enim a sapientium familiaritatibus ad vulgares amicitias oratio nostra
105 1745 506 1793 delabitur. Cic.
40 1806 1144 1874 descendants. Postĕri, nĕpōtes, postĕrĭtas.
36 1872 1679 1938 descended, i. e. born of. Nātus, ortus, *sătus, *ēdĭtus, *crētus.
37 1936 2000 2001 descent, the act of descending. Descensio, descensus; i. e. a declivity, clī-
101 1998 2003 2066 vus, declīvĭtas.—A descent upon a country, i. e invasion, incursio, irruptio.
100 2064 2001 2127 —Who, through ignorance of their descent, were for some time in the
101 2128 2004 2196 condition of servants. Qui aliquamdiu propter ignorationem stirpis et
99 2192 2004 2266 generis in famulatu fuerunt. Cic.—That people had been accustomed to
97 2256 2006 2322 make descents upon Macedonia. Incurrere ea gens in Macedoniam solita
97 2320 2007 2384 ert. Liv.—(News came) that the Syracusans had unexpectedly made
97 2383 2002 2451 a descent upon the camp. Syracusanos improviso in castra irrupisse. Cic.
32 2447 2006 2515 to describe. Describo, 3; pingo, 3; dēpingo; i. e. relate, narro, 1; ēnarro.
93 2510 2007 2578 —To describe these men’s habits therefore. Horum igitur exprimere
93 2577 639 2639 mores oratione. Cic.
31 2639 1289 2704 description. Descriptio; i. e. relation, narratio.
31 2703 944 2766 to decry. Prospĭcio.—See to see.
32 2765 2007 2831 to desecrate. Prŏfāno, 1; polluo, 3; inquĭno, 1; viŏlo. 1 (by a formal
94 2830 549 2895 act), exaugŭro, 1.
32 2894 1436 2960 desecration. Viŏlatio (by a formal act), exaugŭrātio.
32 2960 669 3012 a desecrator. Viŏlator.
29 3022 852 3088 a desert. Sōlĭtūdo, dēsertum.
28 3087 794 3151 desert, adj. Dēsertus, sōlus.
28 3134 2012 3214 to desert. Dēsĕro, 3; linquo, 3; rĕlinquo, derĕlinquo, destĭtuo, 3; defĭcio;
98 3214 2011 3278 as a soldier does, transfŭgio, 3; transeo, 4, c. ad and acc. of the enemy to
99 3278 2014 3343 whom.—They thought that the consuls themselves were deserting their
99 3342 2013 3407 duty. Putabant consules ipsos tergiversari. Liv.—If war should come,
99 3407 2016 3470 I will not desert my duty. Sin bellum geretur non deero officio. Cic.—
99 3471 2015 3535 I should think myself infamous if I had deserted my friend. Ipse me ne-
96 3534 1406 3589 farium existimarem si amico defuissem. Cic.
19 3597 980 3665 desert, subst., i. e. merit. Mĕrĭtum.
17 3661 2014 3756 desertion. Dēsertio, dērĕlictio; of a soldier, transĭtio, transfūgium; of allies,
92 3730 316 3781 dēfectio.
