2050 3878
79 14 1981 83 captured city), excĭdo, 3 (a person, i. e. to kill, q. v.); occido, 3; a
80 83 672 144 people, &c., exstirpo, 1.
16 142 1149 209 half destroyed (of a building). Sēmĭrŭtus.
19 209 845 273 a destroyer. Perdĭtor, ēversor.
20 272 860 337 destructible. Frăgĭlis, cădūcus.
20 329 1987 398 destruction, the act or the result. Ēversio. — The result or condition,
86 400 1991 467 exĭtium, ruīna.—Of a town, &c., excĭdium.—The complete destruction of a
87 465 1399 526 nation, internecio; not found except in acc. and abl.
25 528 1326 593 destructive. Exĭtiōsus, exĭtiālis.—See pernicious.
27 593 739 655 destructively. Pernĭciōse.
27 656 1663 718 desuetude. Dēsuetūdo.—To fall into desuetude, obsŏlesco, 3.
25 718 1469 783 what has fallen into desuetude. Antĭquus, obsŏlētus.
30 784 728 846 desultorily. Inconstanter.
31 847 1999 911 desultory. Inconstans.—I am not a desultory lover. Non sum desultor
94 912 1996 977 amoris. Ov. (A desultor being a vaulter who leaped from one horse to
95 975 1746 1043 another; and Cicero uses dēsultorius, for belonging to a desultor).
34 1038 1997 1105 to detach. disjungo, 3; āvello, 3; dīvello, abstraho, 3; distraho, sēpăro, 1;
96 1105 1081 1170 i. e. to send away, ēmitto, 3; submitto.
34 1166 1538 1231 a detachment. Agmen -ĭnis, net.; pars exercitûs. Liv.
35 1230 733 1298 details. Singŭla -orum.
35 1292 1194 1361 in detail. Sĭgillatim, singillatim, singŭlatim.
38 1360 1172 1425 to detail. Narro, 1; ēnarro.—See to relate.
38 1422 1586 1486 to detain. Tĕneo, 2; dētĭneo, rĕtĭneo; i. e. delay, mŏror, 1.
39 1487 1019 1553 to detect. Dēprehendo, 3; dētĕgo, 3.
38 1549 685 1613 detection. Dēprehensio.
42 1614 609 1666 detention. Rĕtentio.
42 1678 1997 1746 to deter. Dēterreo, 2; c. a or de and abl., or c. ne and sji, or c. quo-
107 1744 787 1803 minus and subj.; absterreo.
44 1805 1295 1873 to deteriorate, trans. Corrumpo, 3; dēpravo, 1.
45 1868 1022 1935 deterioration. Corruptio, deprāvatio.
47 1934 623 1986 determinate. Cestus.
46 1992 2001 2065 determination, i. e. intention. Prōpŏĭtum, consĭlium; i. e. steady resolu-
110 2063 2000 2133 tion, formĭtas, constantia—I entreat you not to adopt any serious and
110 2129 1763 2193 unfavourable determination. Oro ne quid gravius consulas. Cic.
48 2190 2002 2256 to determine, i. e. resolve to do. Stătuo. 3; constĭtuo, destĭno; i. e. to
114 2257 2006 2322 decide a controversy, dījūdĭco, dĭrĭmo, 3; in both senses, dēcerno, 3.—
93 2322 2004 2386 To determine another person (i. e. influence him [q. v.] to do so and so),
113 2387 2007 2450 impello, 3; indūco, 3; persuadeo, 2.—So that he said he was determined
113 2451 2006 2514 to attack Pompey. Ut diceret sibi certum esse in Pompeium impetum
115 2515 2007 2577 facere. Cic.—As he was determined to proceed. Postquam illi sen-
115 2578 2008 2642 tentia stetit pergere. Liv.—Nor are we yet determined where we had
116 2641 1821 2706 best go. Neque adhuc stat quo nos potissimum convertemus. Cic.
54 2703 2005 2769 determined to do a particular thing. Certus; i. e. resolute, irmus, constans.
55 2768 938 2831 determinedly. Constanter, firme.
54 2829 1975 2897 to detest. Odi, def.; dētestor, 1.; ăbōmĭnor, 1; exsĕcror, 1.—See to hate.
54 2896 1272 2959 detestable. Ŏdiōsus, dētestabĭlis, exsĕcrandus.
54 2953 597 3025 detestably. Ŏdiōse.
54 3016 890 3084 detestation. Ŏdium, dētestatio.
53 3087 1953 3156 to dethrone Regno dejĭcio, 3, c. acc. pers.; regnum ădĭmo, 3, c. dat. pers.
55 3152 2020 3216 to detract from, i. e. diminish, q. v. Dētraho, 3, c. de and abl.; mĭnuo, 3;
120 3217 2021 3285 imminuo, dīmĭnuo; i. e. disparage, q v.; ēlĕvo, 1; extĕnuo, 1; obtrecto,
126 3289 780 3346 1, c. dat.; dētrecto, c. acc.
57 3349 1033 3410 a detractor. Obtrectator, detrectātor.
58 3411 1003 3472 detraction. Obtrectātio, detrectātio.
56 3470 2026 3537 fond of detraction. Mălĕdĭcus, superl. -centissimus.—Tending to detraction
126 3542 858 3606 (of language, &c.), prŏbiōsus.
59 3600 1504 3667 detriment. Damnum, dētrīmentum, noxa, incommŏdum.
60 3663 1757 3728 detrimental. Noxius, damnōsus, incommŏdus, pernĭciosus, mălus.
59 3730 1241 3807 detrimentally. Noxis, damnoae, male.
60 3791 926 3854 to detrude. Dēttrūdo, 3; dejĭcio.
