2043 3863
17 18 1097 82 to detruncate. Dētrunco, 1; præcĭdo, 3.
20 82 579 144 detrusion. Dejectio.
21 144 1982 210 to devastate. Vasto, 1; dēvasto, pŏpŭlo, 1, and populor, both dep. and
84 208 633 272 pass.; depopulor.
23 270 1350 330 devastation, the act. Vastātio; the state, vastitas.
25 336 1279 399 a devastator. Vastātor, pŏpŭlator, dēpopulator.
22 397 1778 463 to develop. Expĕdio, 4; evolvo, 3; explĭco, 1; ostendo, 3; ēnōdo, 1.
23 464 973 528 development. Explĭcātio, ēnōdātio.
26 525 1551 590 to deviate. Dēflecto, 3; dīgrĕdior, 3; dĕerro, 1; dēclīno, 1.
26 590 1149 655 deviation. Dĭgressio, ăberratio, dēclĭnatio.
26 654 1054 720 a device. Consĭlium.—See contrivance.
27 718 1065 782 a device on a shield. Insigne, signum.
32 781 971 847 the devil. Diabolus. (No author.)
33 844 1352 914 devilish. Scĕlestus, impius, nĕfārius.—See wicked.
35 909 675 975 devious. Dēvius, āvius.
37 973 1986 1041 to devise. Excōgĭto, 1; mvĕnio, 4; rĕpĕrio, 4; mōlior, 4.—Epicurus has
103 1039 1989 1105 devised a theory of Gods who do nothing. Epicurus Deos nihil agentes
102 1103 1987 1169 commentus est. Cic.—I entreat you help me, and to devise some plan
105 1166 1988 1266 by which.... Rogo ut adjuves ineasque rmtionem, quemadmodum....
39 1260 944 1357 to devise, i. e. bequeath. Lēgo, 1.
40 1357 962 1422 a devise, i. e. a bequest. Lēgātum.
40 1421 1317 1486 a deviser. Inventor, auctor, excōgĭtāter. Quint.
43 1485 1906 1550 devoid. Expers. c. gen. more often than c. abl.; văcuus, c. abl.—See free.
45 1548 1342 1611 to be devoid of. Căreo, 2; vaco, 1.—See to want.
44 1614 1996 1678 to devolve, trans. i. e. impose (duties on another, &c.). Impōno, 3; intrans.
117 1679 1997 1744 (as duties, a succession, &c. devolve upon any one), pervĕnio, 4, c. ad
47 1804 2000 1871 to devote, lit. Dēdĭco, 1; consĕcro, 1; esp. to danger, destruction, &c.,
119 1870 1999 1933 dēvŏveo; metaph. (to a pursuit, &c.), addico, 3; dēdo, 3.—Shall I
120 1934 2002 1999 devote myself wholly to the cause? Demittamne me penitus in causam?
120 1998 2004 2062 Cic.—I am devotng all my mind, and zeal, and effects to the promotion
118 2060 2003 2129 of your honour. Omne nostrum consilium, studium, officium in tuam ampli-
118 2125 778 2176 tudinem conferimus. Cic.
50 2189 2007 2253 dovoted to. Addictus, dēĭtus.—A cry was raised that the Ætolians
120 2253 2007 2320 were still wholly devoted to Antiochus. Conclamatum est, totos adhuc
121 2314 2007 2381 Antiochi Ætolos esse. Liv.—I am and ought to be wholly devoted to
120 2379 2010 2444 you. Et sum totus vestro et esse debeo. Cic.—But Halienus is
122 2443 2011 2510 devoted to us. Halienus autem noster est. Cic.—A man who had
122 2506 2013 2573 made him a solemn promise to be wholly devoted to him. Qui se illius
120 2573 1068 2636 fore proprium fide confirmârat. Nep.
53 2635 1246 2696 devotion, lit. Dēdĭcatio, consĕcrātio, dēvōtio.
53 2699 2013 2766 devotedness or devotion, metaph. Addictio; to a person, obsĕquium; i. e.
125 2765 1035 2827 piety, piĕtas, sanctĭmōnia, sanctĭtas.
55 2828 659 2891 doctrinal. Rēlĭgiosus.
56 2891 2018 2955 to devour. Vŏro, 1; dēvoro; metaph. exĕdo, irr.; consūmo, 3; absumo.—
55 3020 739 3086 devouring. Vŏrax, ĕdax.
55 3083 924 3146 devout. Pius, sanctus, rēlĭgiōsus.
55 3150 902 3212 devoutly. Pie, sancte, religiose.
56 3279 645 3337 dew. Ros, rōris, mas.
54 3340 1354 3405 to dew. Irrōro, 1; rĭgo, 1; irrĭgo.—See to bedew.
59 3406 734 3467 dewy. Roscĭdus, rōrātus.
59 3469 1103 3532 dewlap. Pālear -āris, neut.; usu. in pl.
58 3531 1417 3596 dexter. Dexter -ĕra -erum; often sync. dextra, &c.
58 3591 1721 3658 dexterity. Dextĕrĭtas, sōlertia, ars -tis, fem.; pĕrĭtia, artĭicium.
56 3659 2019 3726 dexterous (of the workman). Dexter -ĕra erum; often sync. dextra, &c.;
125 3722 2015 3786 sōlers, pĕrĭtus, sciens, c. gen.; calhdus; of werk or workmen, bŏnus,
125 3787 408 3840 artĭficiōsus.
