2037 3791
23 17 1201 80 dexterously. Dextĕre, callide, sōlertes, bĕne.
22 83 943 132 diabolical. Nĕfarius.—See wicked.
21 145 1081 209 a diadem. Diădēma -ătis, neut.; cŏrōna.
17 208 1359 273 wearing a diadem. Diădemătus (Plin.), cŏrōnātus.
19 272 799 338 diagonal. Diăgŏnalis. Vitr.
19 337 1147 403 a diagram. Diăgramma -atis, neut. Vitr.
20 401 1019 465 a dial, i. e. clock. Hōrŏlŏgium. Vitr.
19 462 1637 531 a dialect. Lingua, sermo -onis, masc.; dialectus, fem. Quint.
19 527 906 594 dialectics. Diălectĭca.—See logic.
19 592 813 658 a dialectitian. Diălectĭcus.
19 653 2014 721 a dialogue. Diălŏgus, colloquium.—To hold a dialogue with, collŏquor, 3.—
81 724 469 770 See to converse.
17 783 968 848 diameter. Diămētros -i, fem. Vitr.
17 846 1199 913 diametrically, i. e. wholly. Prorsus, omnĭno.
18 910 903 972 a diamond. Ădămas -antis, mas.
18 967 1122 1040 diamond, adj. Ădămantĭnus, ădămantēus.
18 1038 789 1104 diary. Ēphĕmeris -ĭdis, fem.
19 1102 386 1155 dice.—See die.
19 1166 948 1229 a dice-box. Phīmus, frĭtillus. Juv.
20 1228 484 1283 a dicer. Ăleator.
21 1295 1996 1362 to dictate. Dicto, 1; i. e. to suggest, suggĕro, 3; suadeo, 2; i. e. command,
83 1362 332 1423 impĕro, 1.
20 1421 1993 1488 a dictate, in the way of advice. Præceptum; of command, mandātum, jussum,
83 1487 1992 1580 imperium.—To follow the dictates of reason, habere rationem ducem.
21 1579 1673 1678 dictation, i. e. power to dictate to authority (q. v.). Auctōrĭtas.
21 1674 588 1726 a dictator. Dictātor.
22 1737 1992 1805 dictatorial, i. e. of a dictator. Dictātōrius, i. e. imperious, impĕriōsus,
85 1805 314 1864 arrŏgans.
22 1864 686 1928 dictatorship. Dictatūra.
21 1927 1240 1997 diction. Sermo -onis, mas.; dictio -onis, fem.
18 1994 565 2056 a didapper. Fŭlĭca.
22 2054 1991 2123 a die, sing. of dice. Ălea, tālus—Who dared to risk themselves and their
88 2125 1990 2187 safety on the hazard of the die. Qui auderent se et salutem suam in dis-
86 2188 2003 2252 crimen offerre. Cic.—To put everything unnecessarily to the hazard of
87 2251 1990 2312 the die. Dare summam rerum in aleam non necessariam (Liv.); see
86 2316 269 2366 hazard.
23 2378 880 2445 a die, i. e. stamp. Nŏta, signum.
25 2441 1987 2507 to die. Mŏrior, 3; ēmorior, dēmorior (rare except in perf.), pĕreo, 4;
88 2506 1985 2570 occĭdo, 3; intĕreo, 3; in battle, cădo, 3.—So that he might see you before
89 2569 1986 2635 he died. Ut te ante videret quam e vitâ discederet (Cic.); so, migrare
89 2633 1985 2699 de vitâ (Cic.); vitâ decedere (Cic.); vitâ excedere. Cic.—He died
88 2695 1986 2760 when about fifty years old. Diem obiit circiter annos quinquaginta natus
89 2759 1983 2826 (Nep.); diem obiit supremum. Nep.—(I heard) that Marcellus had died a
88 2822 1978 2885 little before daybreak. Paullo ante lucem Marcellum diem suum obiisse.
89 2888 1982 2952 Cic.—Alexander died in the thirty-third year of his age. Alexander
87 2951 1975 3017 tertio et tricesimo anno mortem obiit. Cic. (The poets use obeo by
86 3014 1963 3078 itself.)—With you I would willingly die. Tecum obeam libens. Hor.
22 3077 1736 3140 diet, i. e. food. Cibus, ălĭmentum.—The diet of a sick man, diæta.
24 3144 560 3196 to diet.—See to feed.
23 3206 1978 3272 to differ, i. e. be different. Diffĕro, irr.; discrĕpo, 1; disto, 1; i. e. to disagree;
84 3270 1975 3335 dissentio, 4; dissĭdeo, 3.—So that your language does not differ much
82 3334 1974 3400 from the moderate style of the philosophers. Ut jam oratio tua non
82 3398 1213 3463 multum a philosophorum lenitate absit. Cic.
18 3459 1974 3524 difference, i. e. diversity. Discrīmen -inis, neat.; diffĕrentia, distantia, dissĭ-
78 3525 1972 3589 mĭlĭtūdo, dĭversĭtas (Plin.). —Diversity or disagreement, discrepantia, dis-
78 3587 1974 3650 crĕpātio.—Disagreement, dissensio, dissĭdium, discordia (ee dispute).—
78 3648 1972 3702 This is the chief difference between a man and a beast. Inter hominem
80 3711 1972 3768 et belluam hoc maxime interest. Cic.— What is the difference between
