2053 3932
128 17 2029 90 taking their property from others, and giving others what is not theirs?
128 83 1533 156 Quid est aliud aliis sua eripere, aliis dare aliena? Cic.
57 142 2025 221 different. Dīversus, differens, dissĭmĭlis, dispar -ăris; i. e. various, vărius.
125 208 2028 289 —The matter is different from what it is thought. Res aliusmodi est ac
123 273 485 336 putatur. Cic.
55 332 2026 419 differently. Dīverse, ălĭter, sĕcus, only with a negative; i. e. variously,
123 404 268 452 vărie.
57 463 2024 546 difficult. Diffĭcĭlis (of things or people), arduus, impĕdītus; i. e. requiring
122 530 1301 603 labour, lăbōriōsus; very difficult, perdiffĭcĭlis.
58 587 2021 673 difficulty. Diffĭcultas; i. e. labour, lăbor.—Poverty is the greatest diffi-
124 659 2023 733 culty in a republic. Maximus in republicâ nodus est inopia. Cic.—
127 722 2023 798 Being brought into a situation of the greatest difficulty. In summas
121 787 2019 861 angustias adductus. Cic.—The incredible difficulties of the finances.
128 851 1266 919 Incredibiles angustiæ publicæ pecuniæ. Cic.
58 911 2019 988 with difficulty. Diffĭcĭle, diffĭculter, diffĭcĭlĭter, vix, ægre; with excessive
126 976 2019 1057 difficulty, perdiffĭculter, ægerrime.—I shall be able to transport the
123 1042 2016 1111 vessels on waggons with no great difficulty. Plaustris transveham naves
122 1105 2014 1180 haud magnâ mole. Liv.—Cato was able to hold Sicily without diffi-
121 1170 1368 1242 culty. Cato tenere Siciliam nullo negotio potuit.
57 1231 688 1289 diffidence. Diffīdentia.
57 1296 970 1355 diffident. Diffīdens.—See modest.
54 1358 1026 1427 to be diffident of. Diffīdo, 3, c. dat.
53 1424 1074 1497 diffidently. Diffīdenter.—See timidly.
52 1487 970 1559 to diffuse. Diffundo, 3; spargo, 3.
52 1550 2012 1626 diffuse, odj. Longus, cōpiōsus (only in a complimentary sense).—Not to
116 1618 2011 1694 be too diffuse. Ne multa. Cic.—He will be diffuse, and dwell upon
115 1679 1934 1757 the same sentiment. Hæreat in eâdem commoreturque sententiâ. Cic.
46 1742 1421 1818 diffusely. Lāte, explĭcate, copiose (in a good sense).
47 1807 1037 1880 diffuseness. Cōpia (in a good sense).
45 1870 771 1939 diffusion. Diffūsio, effusio.
45 1936 1294 2006 to dig. Fŏdio, 3.—To dig up, out, &c., effŏdio.
43 1999 1114 2072 to digest, lit. and metaph. Concŏquo, 3.
38 2058 822 2134 digestion. Concoctio (Plin.).
41 2122 192 2186 a dig
192 2131 514 2185 ger. Fosso.
41 2169 1291 2264 digging. Fossio.—Digging round, repastĭntio.
39 2257 518 2321 a digit. Dĭgĭtus.
38 2318 753 2388 dignified. Nōbĭlis, grăvis.
38 2382 950 2447 in a dignified manner. Grăvĭter.
39 2446 1607 2517 to dignify. Augeo, 2; amplĭfĭco, 1; hŏnōro, 1; hŏnesto, 1.
37 2509 1766 2581 dignity. Dignĭtas, hŏnor, splendor (not of any particular dignity).
36 2574 2005 2646 to digress. Dēclīno, 1; dīverto, 3; dīgrĕdior, 3; dēflecto, 3.—So as to
102 2642 2004 2709 make digressions for the sake of ormament. Ut egrederetur a proposito
101 2705 2003 2775 ornandi causâ (Cic.); elsewhere he says aberro a proposito, declino a pro-
75 2770 263 2829 posito.
33 2828 642 2898 digression. Dĭgressio.
33 2893 1154 2961 to dijudicate. Dījūdĭco, l.—See to decide.
32 2956 753 3025 dijudication. Dījūdĭcătio.
30 3020 671 3088 dilapidated. Ruīnōsus.
30 3084 619 3147 dilapidation. Ruīna.
30 3150 2000 3221 to dilate, trans. Extendo, 3; explĭco, 1; distendo, 3; intrans. passives of the
96 3218 2001 3284 transitive verbs.—To dilate upon, dissĕro, 3, c. de and abl.—He may dilate
96 3280 2001 3344 upon the same sentiment. In eâdem commoretur sententiâ. Cic.—He
95 3343 1999 3412 is an eloquent man who can dilate upon and heighten the effect of what-
94 3408 1998 3493 ever he pleases. Eloquens est qui augere potest atque ornare quæ velit.
24 3506 763 3601 dilatorily. Segnĭter, tarde.
24 3598 1745 3668 dilatoriness. Segnĭtia, segnities, segnĭtas, tardĭtas, procrastĭnātio.
22 3662 1065 3734 dilatory. Segnis, tardus, cunctābundus.
21 3726 775 3793 a dilatory man. Cunctātor.
17 3790 1729 3858 a dilemma. Complexio; i. e. a difficulty. Diffĭcultas, discrīmen.
