2272 3867
259 14 1260 85 diligence. Dĭlĭgentia, cūra, sēdŭlĭtas.
258 81 2238 148 diligent. Dĭlĭgens, sēdŭlus, strēnuus, industrius, stŭdiōsus (of a learner,
321 146 873 207 hearer, &c.), attentus.
259 210 2242 275 diligently. Dīlĭgenter, ēnixe, sēdŭlo, strenue, attente.—Most diligently.
322 276 615 337 summŏpĕre.
258 331 682 388 dill. Ănēthum.
260 404 869 466 to dilute. Tempĕro, 1.
261 468 860 530 dilution. Tempĕrātio.
262 530 2245 592 dim (of faculties). Hĕbes ĕtis, no set.; i. e. dark, obscūrus, tĕnĕbrōsus,
326 595 963 659 tĕnĕbrĭcōsus, cālĭgĭnōsus.
264 659 1881 721 to dim. Hĕbĕto, 1; obscūro; a person’s faculties, obtundo, 3.
263 722 1237 787 dimensions. Magnĭtūdo, amplĭtūdo.
264 785 2249 850 to diminish. Mĭnuo 3.; dĭminuo, imminuo, extĕnuo, 1.—A suspicion of
328 850 2244 915 his bearing him ill-will diminished the weight and authority of his testimony.
332 914 2243 978 Fidem et auctoritatem in testimonio inimicitiarum suspicio derogavit. Cic.
328 981 1235 1041 —To diminish, intrans. dēcresco, 3.
267 1044 1216 1105 diminution. Dīmĭnūtio, immīnutio.
264 1105 1541 1172 diminutive. Exĭguus, parvus, pŭsillus, mĭnūtus.
266 1171 1021 1234 diminutiveness. Exĭguĭtas.
266 1239 719 1301 dimly. Obscure.
266 1299 844 1351 dimness. Obscūrĭtas.
267 1363 1051 1429 a dimple. Gĕlăsīnus. Mart.
267 1425 1382 1489 din. Sŏnus, sŏnĭtus, 4; frăgor.—See noise.
269 1491 1678 1556 to din (the ears of people). Obtundo, 3; perstringo, 3.
269 1556 1418 1615 to dine. Prandeo, 2; cœno, 1. See dinner.
266 1618 986 1683 a dingle. Vallis, convallis.
266 1682 1038 1744 a dining-room. Cœnācŭlum.
270 1746 2242 1808 dinner. Prandium, cœna (prandium is much like our luncheon; cœna was
333 1810 725 1869 the chief meal).
270 1873 2247 1936 dint, i. e. blow q. v. Ictus, 4.—To overcome the obstacles of nature by
335 1937 2242 2004 dint of industry and diligence. Impedimenta naturæ industriâ ac diligentiâ
335 2004 875 2064 superare.—See to try.
269 2062 2239 2130 to dip. Mergo, 3; immergo, dēmergo.—When he had once dipped his
335 2130 1893 2193 sword in crime. Cum semel gladium scelere imbuisset. Cic.
271 2194 1968 2256 dipped, i. e. embarrassed with debt. Ære alieno oppressus. Cic.
270 2259 1139 2321 a diphthong. Diphthongus, fem.
271 2322 1893 2385 dire. Dĭrus, terrĭbĭlis, horrĭbĭlis, horrendus, ătrox.—See cruel.
269 2381 2239 2449 direct. Rectus, dĭrectus; as a consequence, prius; as proof, certus, măni-
333 2453 488 2500 festus.
271 2512 2237 2577 to direct, in every sense. Dīrĭgo, 3; to guide, rĕgo, 3; dūco, 3; to aim, q. v
333 2575 2238 2641 intendo; to regulate, rule, q. v., rĕgo, 3; mŏdĕror, 1; to order, q. v., jŭbeo, 2.
334 2642 2239 2704 —To direct (one’s attention to a point), verto, 3; converto.—The atten-
334 2704 2240 2768 tion of all the chief men in Samnium was directed to looking out a spot for
334 2767 2238 2833 an ambuscade. Omnium principum in Samnio eo sunt intentæ ut insidiis
335 2832 932 2894 quæreretur locus. Liv.
270 2895 2235 2962 direction, i. e. power of directing, regulating, &c. Auctōrĭtas; i e. guidance,
335 2962 1815 3023 ductus, 4; i. e. a command, jussum, jussus, 4; mandātum.
270 3024 2237 3088 directly, i. e. in a straight line. Rectâ; i. e. immediately, prōtĭnus, stătim,
332 3086 2239 3152 extemplo, contĭnuo, confestim; i. e. plainly, without disguise (to speak, &c.),
334 3154 689 3215 ăperte, pălam.
269 3215 1398 3279 a director. Rector, mŏdĕrator, gūbernātor.
270 3277 955 3342 direness. Horror, dīrĭtas.
268 3341 727 3403 a dirge. Nænia.
270 3403 964 3470 a dirk. Pūgio -onis, mas.
271 3467 2236 3536 dirt. Sordes -ium, pl. fem.; illŭvies; i. e. mud, q. v., lŭtum, cœnum; i. e. a
334 3533 940 3600 dirty condition, squālor.
88 3591 1624 3664 to dirt. Polluo, 3; inquĭno, 1; măcŭlo, 1; fœdo, 1.
78 3643 901 3718 dirtily. Fœde, sordĭde.
153 3718 1464 3784 dirty. Sordĭdus, squalĭdus, fœdus, immundus.
258 3780 1218 3842 to be dirty. Squāleo, 2; sordeo, 2.
