2063 3884
18 18 1993 91 dissimilar. Dissĭmĭlis, dispar -ăris, dīversus.—Motions unlike each other.
84 87 1238 151 Dispares inter se motus. Cic.—See different.
21 148 1467 216 to be dissimilar. Diffĕro, irr.; discrĕpo.—See to differ.
20 214 1030 267 in a dissimilar manner. Dissimiliter.
22 276 1233 342 dissimilarity. Dissĭmĭlĭtūdo.—See difference.
21 342 804 397 dissimulation. Dissĭmŭlatio.
22 405 995 462 with dissimulation. Dissĭmŭlanter.
23 467 1996 533 to dissipate, in every sense. Dissĭpo, 1; i. e. to drive away, disjĭcio, discŭtio,
89 531 1490 601 dispello, 3; i. e. to squander, prŏfundo, 3; exhaurio, 4.
24 595 1999 667 dissipated, i. e. licentious. Prŏfūsus (as to expense), lascīvus (as to
90 667 289 729 morals).
25 724 1997 790 dissipation, i. e. the act of dissipating. Dissĭpātio; i. e. extravagance, licen-
92 790 740 854 tiousness, effūsio, lĭcentia.
27 854 994 917 to dissociate. Dissŏcio, 1; disjungo.
28 917 688 971 dissoluble. Dissŏlūbĭlis.
30 979 2001 1046 to dissolve, in any sense. Solvo, 3; dissolvo, rĕsolvo; i. e. to melt, lĭquĕ-
95 1042 1849 1112 făcio; i. e. to put an end to (friendships, &c.), rumpo, 3; dĭrĭmo, 3.
29 1110 915 1173 to dissolve, intrans. Lĭquesco, 3.
31 1172 1424 1240 dissolute. Dissŏlūtus, perdĭtus, lĭbīdĭnōsus, lascīvus.
31 1237 1250 1298 dissoluteness. Lĭcentia, intempĕrantia, lĭbīdo.
31 1302 946 1366 dissolutely. Dissŏlūte, lĭbidĭnōse.
31 1363 1721 1430 dissolution. Sŏlūtio, dissŏlūtio; i. e. death, q. v., mors -tis, fem.
32 1431 936 1490 dissonant. Dissŏnus, discors -dis.
33 1490 2007 1557 to dissuade. Dehortor, 1; c. a and abl. or c. ne and subj., dissuadeo, 2;
97 1556 1154 1620 sometimes c. acc. of the measure proposed.
34 1619 870 1673 one who dissuades. Dissuasor.
33 1684 639 1736 dissuasion. Dissuasio.
33 1747 685 1812 dissyllabic. Dĭsyllăbus.
35 1810 1122 1877 a distaff. Cŏlus, 2; more rarely, 4. fem.
34 1872 2007 1942 distance. Distantia.—Distance between, intervallum; i. e. space, spatium.
36 1940 817 2004 at a distance. Prŏcul, longe.
37 2004 1064 2070 distant. Longinquus, distans, rĕmōtus.
36 2067 2009 2129 to be distant. Disto, 1; absum.—The more distant they got from the
99 2131 1777 2220 enemy’s city. Quo longius ab urbe hostium abscederent. Liv.
36 2198 861 2258 distaste. Fastīdium, āversātio.
37 2261 870 2326 distasteful. Ingrātus, insuavis.
38 2324 1083 2391 distemper. Morbus, ægrōtātio, offensio,
38 2388 1437 2454 to distemper, i. e. disorder, q. v. Turbo, 1; perturbo.
40 2453 832 2515 distemperature. Perturbātio.
40 2513 2010 2582 a distempered mind. Animus æger (Liv., Cic.); sometimes c. abl. of the
98 2583 259 2647 cause.
39 2644 974 2707 to distend. Distendo, 3; dīlāto, 1.
38 2707 713 2767 distention. Distentus, 4.
40 2772 1571 2836 to distil, trans. or intrans. Stillo, 1; distillo.—See to flow.
42 2835 2012 2900 distinct, i. e. different, q. v., dīversus, dissĭmĭlis; i. e. distinctly marked,
106 2901 2014 2966 clear, q. v. (of an assertion, argument, &c.), distinctus, expressus, ex-
105 2963 1041 3027 plicātus.—As a promise, &c., certus.
43 3023 2017 3094 distinction, i.e. difference, q. v., &c. Distinctio, discrīmen -ĭnis, neut.; i e. credit,
104 3092 2019 3163 glōria, fama, laus -dis. fem.—We ought to make a distinction between a
106 3158 2019 3221 citizen and a foreigner. Debemus.... habere delectum civis et peregrini.
108 3221 2023 3286 Cic.—And when no distinction is made whether they fight by day or
106 3285 2023 3352 by night, by command of the general or without any such order. Cum...
107 3349 2028 3416 neque discernatur interdiu nocte, jussu injussu imperatoris pugnent. Liv.
107 3411 2030 3479 —I pass over the distinctions with which Caius Cæsar loaded that
108 3477 2027 3541 people. Omitto quantis ornamentis populum istum C. Cæsar affecerit. Cic.
44 3541 1083 3606 distinctive (of a mask, &c.). Prŏprius.
42 3605 671 3671 distinctively. Prŏprie.
44 3669 2007 3734 distinctly. Distincte, expresse, ăperte, lĭquĭde; i. e. intelligible, perspĭcue.
46 3732 2039 3799 distinctness, i. e. distinct arrangement, &c. Distinctio; i. e. clearness, per-
111 3796 334 3860 spicuitas.
