2046 3896
29 17 2017 104 to distinguish, i. e. see a difference between, separate, &c. Distinguo, 3;
97 84 2017 167 discerno, 3; sēcerno, internosco, 3; dignosco; i. e. to make illustrious, illustro,
99 148 2023 233 1.—Greatness of mind distinguishes itself principally by the contempt of
91 212 2014 296 pleasure. Amplitudo animi maxime eminet contemnendis voluptatibus.
88 278 182 325 Cic.
24 337 1058 402 distinguishable. Nŏtandus, nŏtābĭlis.
17 402 2013 484 distinguished, i. e. illustrious, q. v. Egrĕgius, insignis, illustris, clarus, præ-
84 469 807 546 clarus, lectus, esp. in superl.
435 537 731 601 Insignis.
22 595 2014 679 to distort. Torqueo, contorqueo, distorquee; truth, a fact, &c., per-
81 663 288 721 verto, 3.
18 720 867 791 distortion. Contortio, distortio.
21 784 1241 861 distorted. Prāvus; of a statement, perversus.
23 850 2011 930 to distract. Dīdūco, 3; distraho, 3.—To distract from, abduco, abstraho,
82 922 1309 989 āverto, 3; i. e. to agitate, turbo, 1; perturbo, 1.
21 974 1860 1058 distracted. Ămens, fŭriosus, inops animi (Virg.); mentis inops. Ov.
25 1039 927 1109 distractedly. Fūriōse.—See mad.
27 1103 1371 1181 distraction. Distractio; i. e. agitation, perturbātio.
26 1169 948 1236 to distrain. Aufĕro, irr.; ădĭmo, 3.
29 1230 2008 1312 distress, i. e. calamity. Călămĭtas, infortūnium; i. e. grief caused by cala-
85 1300 1314 1375 mity, dŏlor, tristĭtia, luctus, 4; ærumna, mæror.
29 1361 2006 1437 to distress. Ango, 3; vexo, 1; turbo, 1; perturbo, sollĭcĭto.—To be distressed,
88 1426 987 1499 dŏleo, 2; lăbōro, 1.—See to grieve.
29 1485 1027 1555 distressful. Mĭser, infelix.—See sad.
33 1553 2007 1629 to distribute. Distrĭbuo, 3; dīvĭdo, 3; partior, dispertio, 4; c. dat. or c.
90 1619 1556 1694 inter and acc.; i. e. arrange in different places, dispōno, 3.
34 1683 850 1743 one who distributes. Dīvīsor.
38 1741 1161 1819 distribution. Distrĭbūtio, dīvīsio, partitio.
38 1803 1365 1885 distributive, i. e. distributing fairly to all. Æquus.
37 1868 967 1945 distributively. Distrĭbūte, partīte.
42 1934 898 2010 a district. Rĕgio.—See country.
42 1995 1026 2074 distrust. Diffīdentia—See suspicion.
43 2062 668 2131 to distrust. Difĭdo, 3.
46 2123 1260 2206 distrustful. Diffīdens, c. dat.—See suspicious.
46 2186 742 2262 distrustfully. Diffĭdenter.
46 2254 2006 2346 to disturb. Turbo, 1; perturbo, conturbo; i. e. make anxious, sollĭcĭto, 1;
51 2376 2004 2462 disturbance, of thoughts, &c. Perturbatio.—Tumult, disorder, tumultus.
104 2454 2003 2530 —He is said to have excited great disturbances in the other’s camp.
106 2510 1484 2579 Maximas in istius castris effecisse turbas dicitur. Cic.
51 2574 975 2650 a disturber. Turbātor, perturbator.
51 2632 877 2711 disturbed (in mind). Sollĭcĭtus.
55 2695 1375 2779 disunion. Disjunctio; i. e. disagreement, dissensio.
53 2761 1659 2848 to disunite. Disjungo, 3; sēpăro, 1; dispergo, 3; dīvĭdo, 3.
53 2823 556 2891 disuse. Dēsuetūdo.
57 2891 2008 2976 to fall into disuse. Obsŏlesco, 3; cădo, 3.—They like to dwell on what
110 2963 2002 3026 ought to be allowed to fall into disuse. Volunt morari in desuescendis.
67 3025 251 3084 Quint.
58 3083 2007 3166 disused, what has fallen into disuse. Dēsuetus, obsŏletus, antīquus.—
114 3150 2004 3232 Bands which have become disused to triumph. Jam desueta triumphi
108 3221 477 3290 agmina. Virg.
60 3276 456 3338 a ditch. Fossa.
59 3337 533 3408 a ditcher. Fossor.
59 3403 841 3482 a dithyrambic. Dithrambus.
63 3464 613 3534 dittany. Dictamnum.
63 3530 855 3613 a ditty. Cantĭlēna.—See song.
62 3593 920 3675 a divan. Concĭlium, consessus, 4.
67 3655 1193 3744 to divaricate. Dīvārĭco, 1.—See to diverge.
67 3719 555 3801 to dive. Ūrīnor, 1.
67 3785 1025 3871 a diver. Ūrīnātor; the bird, mergus.
