<PcGts xmlns="http://schema.primaresearch.org/PAGE/gts/pagecontent/2019-07-15" xmlns:xsi="http://www.w3.org/2001/XMLSchema-instance" xsi:schemaLocation="http://schema.primaresearch.org/PAGE/gts/pagecontent/2019-07-15 http://schema.primaresearch.org/PAGE/gts/pagecontent/2019-07-15/pagecontent.xsd"><Metadata><Creator/><Created>2022-03-11T23:31:24</Created><LastChange>1970-01-01T00:00:00</LastChange><Comments/></Metadata><Page imageFilename="0170.png" imageHeight="3873" imageWidth="2024"><TextRegion id="r1" orientation="-0.25" type="paragraph"><Coords points="1,1 2022,1 2022,3871 1,3871"/><TextLine id="l1"><Coords points="557,88 557,85 557,84 193,82 192,81 190,81 189,80 188,80 186,79 186,78 185,77 185,75 184,74 184,71 184,70 181,70 180,70 180,69 180,68 179,68 178,67 135,67 134,66 103,66 102,65 101,65 99,64 99,63 98,61 98,59 97,58 97,54 96,53 96,51 97,50 97,43 98,42 98,39 99,39 99,37 100,36 100,35 103,32 104,32 105,31 107,31 107,31 107,20 108,19 109,19 110,18 116,18 117,17 119,17 120,18 121,18 121,19 121,22 122,22 293,23 295,25 297,25 298,26 303,26 305,28 524,29 525,30 751,31 752,32 979,33 980,34 981,34 981,34 982,35 982,36 983,37 983,47 984,48 1024,48 1025,49 1099,49 1100,50 1103,50 1104,51 1105,51 1107,54 1107,68 1108,68 1118,68 1119,69 1121,69 1123,72 1123,73 1124,74 1124,78 1123,79 1123,80 1123,80 1122,80 1121,81 862,80 861,81 568,80 567,81 567,83 563,87 563,88 563,88 560,88 559,89"/><TextEquiv index="0"><Unicode>dung. Sterus -ŏris, neut. fĭmus or fimum.</Unicode></TextEquiv><TextEquiv index="1"><Unicode>dung. Sterus -ŏris, neut. fĭmus or fimum.</Unicode></TextEquiv></TextLine><TextLine id="l2"><Coords points="511,155 510,155 510,154 510,142 509,142 428,141 427,140 426,140 425,139 265,139 264,140 264,141 263,142 263,143 260,146 259,146 258,147 257,147 256,148 250,148 249,147 245,147 244,146 243,146 241,143 241,142 239,140 239,136 238,135 238,134 237,134 232,134 231,133 192,132 191,131 122,131 121,130 120,130 119,129 99,129 98,128 97,128 95,125 95,124 94,123 94,102 93,101 93,100 92,99 92,95 95,93 96,93 100,89 100,88 103,85 168,85 169,84 170,84 171,83 175,83 176,84 178,84 179,85 180,85 180,86 180,87 181,88 181,97 182,97 233,98 234,99 338,99 338,99 338,98 339,97 340,97 340,97 340,96 341,95 341,94 344,91 346,91 347,90 357,90 358,91 359,91 362,94 734,96 735,95 736,96 737,96 740,99 740,100 741,102 843,102 845,101 847,101 848,100 850,100 851,99 855,99 856,100 858,100 859,101 860,101 860,102 864,102 865,103 866,103 867,104 867,105 868,106 868,111 868,111 986,112 987,113 1098,113 1099,114 1102,114 1108,120 1108,121 1109,122 1109,132 1109,132 1118,132 1119,133 1120,133 1121,134 1121,135 1124,138 1124,139 1125,140 1125,144 1124,144 1123,144 1122,145 1119,145 1118,146 1114,146 1112,144 854,143 853,144 852,144 851,145 739,145 736,148 734,148 734,147 734,146 733,145 733,144 732,144 622,143 622,144 622,154 621,154 620,154 619,155 513,155 512,156"/><TextEquiv index="0"><Unicode>to dung. Stercŏro, 1 (Col.).—See manure.</Unicode></TextEquiv><TextEquiv index="1"><Unicode>to dung. Steŏro, 1 (Col.).—See manure.</Unicode></TextEquiv></TextLine><TextLine id="l3"><Coords points="667,218 664,216 665,215 664,214 664,207 663,206 646,206 645,205 241,204 241,204 241,205 240,206 240,207 238,209 237,209 234,212 228,212 227,211 226,211 225,210 222,210 221,209 220,209 219,208 218,208 218,207 218,206 217,205 217,197 216,197 192,196 191,195 180,195 179,194 141,194 140,193 91,193 90,192 89,192 89,191 89,190 88,189 88,188 87,187 87,186 86,185 86,183 87,182 87,166 88,165 88,163 90,161 90,160 90,160 92,160 93,159 95,159 96,158 97,158 98,157 141,157 142,157 142,151 143,150 143,149 143,148 144,148 145,147 146,147 147,146 151,146 152,147 154,147 155,148 156,148 157,149 157,150 158,151 158,155 158,155 402,156 403,157 600,158 602,160 634,160 637,163 637,175 637,175 812,176 813,177 815,177 818,180 818,183 819,184 819,196 819,196 827,196 828,197 829,197 831,199 831,201 832,202 831,203 831,204 830,204 828,206 827,206 826,207 678,207 677,208 677,209 676,210 676,211 674,213 674,215 673,216 672,216 671,216 671,217 670,218"/><TextEquiv index="0"><Unicode>a dungeon. Carcer -ĕris, masc.</Unicode></TextEquiv><TextEquiv index="1"><Unicode>a dungeon. Carcerĕris, masc.</Unicode></TextEquiv></TextLine><TextLine id="l4"><Coords points="853,284 852,283 493,282 492,281 492,280 491,279 491,276 491,276 226,275 225,274 222,274 221,273 219,273 215,269 215,268 214,267 214,260 214,260 195,259 194,258 181,258 180,257 153,257 152,256 107,256 106,255 93,255 92,254 91,254 90,253 90,252 89,251 89,250 88,249 88,233 87,232 87,225 88,224 88,223 89,223 90,223 91,222 92,222 93,221 98,221 99,220 138,220 138,220 139,214 142,210 148,210 149,211 152,211 153,212 153,213 153,213 255,214 257,216 315,216 316,217 317,217 320,220 403,220 404,221 947,224 947,223 947,222 948,222 949,221 950,221 951,220 952,221 953,221 954,222 1251,223 1252,224 1253,224 1254,225 1269,225 1269,226 1269,227 1270,228 1270,241 1271,241 1295,241 1296,242 1297,242 1298,243 1299,243 1299,244 1299,245 1300,246 1300,247 1301,248 1301,261 1302,261 1315,261 1318,265 1318,267 1319,268 1319,270 1319,270 1317,272 1316,272 1315,273 1314,273 1313,274 887,272 886,273 886,276 885,277 885,278 882,281 882,282 881,283 880,283 879,284"/><TextEquiv index="0"><Unicode>a dunghill. Sterquilinium (Col.), fĭmētum. Plin.</Unicode></TextEquiv><TextEquiv index="1"><Unicode>a dunghill. Sterquilinium (Col.), fĭmetum. Plin.</Unicode></TextEquiv></TextLine><TextLine id="l5"><Coords points="190,336 189,335 182,335 181,334 180,334 180,334 180,333 179,332 179,322 179,321 162,321 161,320 134,320 133,319 104,319 103,318 94,318 93,317 90,317 88,315 88,314 87,313 87,289 88,288 88,287 89,286 89,285 90,285 92,285 93,284 137,284 137,284 137,277 140,274 149,274 150,275 151,275 151,276 151,281 152,281 311,282 312,283 316,283 317,284 375,284 376,285 387,285 388,286 460,287 460,287 460,288 461,289 461,290 462,291 462,301 463,302 529,302 530,303 535,303 535,303 535,305 536,306 536,308 537,309 537,320 538,321 551,321 552,322 553,322 554,323 554,324 555,325 555,329 554,330 554,331 552,333 551,333 550,334 196,332 196,333 196,334 194,335 193,335 192,336"/><TextEquiv index="0"><Unicode>a dupe. Lūdĭbrium.</Unicode></TextEquiv><TextEquiv index="1"><Unicode>a dupe. Lūdĭbrium.</Unicode></TextEquiv></TextLine><TextLine id="l6"><Coords points="907,410 488,408 423,407 422,408 420,408 418,406 418,401 417,400 203,399 202,398 196,398 195,397 194,397 194,397 194,395 193,394 193,388 192,387 190,387 189,386 176,386 175,385 162,385 161,384 148,384 147,383 111,383 110,382 92,382 91,381 90,381 87,377 87,374 86,373 86,356 85,355 85,354 84,353 84,352 83,351 83,348 86,345 86,344 90,340 90,339 92,337 93,338 158,338 159,339 162,339 163,340 163,341 164,342 164,345 164,345 326,346 327,347 334,347 335,348 1139,352 1140,351 1140,341 1140,341 1141,341 1141,342 1141,343 1142,343 1143,343 1143,350 1143,351 1258,351 1259,352 1260,352 1261,353 1263,355 1263,356 1264,357 1264,387 1264,387 1282,387 1283,388 1284,388 1287,391 1287,398 1286,398 1284,398 1283,399 1218,399 1218,399 1218,401 1217,402 1217,403 1214,406 1214,407 1213,408 1211,408 1210,409 912,408 910,410 909,410 908,411"/><TextEquiv index="0"><Unicode>to dupe. Fallo, 3; ludo, 3; illudo, 3; lŭdĭfĭco, 1.</Unicode></TextEquiv><TextEquiv index="1"><Unicode>to dupe. allo, 3; ludo, 3; illudo, 3; lŭdĭfĭco, 1.</Unicode></TextEquiv></TextLine><TextLine id="l7"><Coords points="620,479 619,479 619,477 619,476 569,476 568,475 563,475 562,475 562,474 561,473 561,472 561,471 269,470 268,469 268,464 268,464 189,463 188,462 181,462 180,461 179,461 178,461 178,449 178,448 145,448 144,447 133,447 132,446 100,446 99,445 90,445 89,444 86,444 85,443 84,443 84,442 84,441 83,440 83,416 84,415 84,414 85,413 85,412 85,412 87,412 88,411 133,411 134,411 134,404 136,401 144,401 145,402 145,403 145,403 228,404 229,405 230,405 231,406 232,406 233,406 233,410 233,411 296,411 297,412 298,412 299,413 886,415 887,416 888,416 889,417 890,418 890,419 891,420 891,429 891,429 959,430 960,431 962,431 963,432 964,432 966,433 966,434 967,435 967,436 968,437 968,442 969,443 968,448 969,449 981,449 982,450 983,450 984,451 984,452 985,453 985,459 984,460 984,461 984,462 983,462 982,463 868,462 867,463 867,474 865,476 864,476 863,477 860,477 859,478 624,477 623,478 623,479 623,479"/><TextEquiv index="0"><Unicode>a duplicate, i e. a copy. Exemplum.</Unicode></TextEquiv><TextEquiv index="1"><Unicode>a duplicate, i e. a copy. Exemplum.</Unicode></TextEquiv></TextLine><TextLine id="l8"><Coords points="564,543 563,543 563,527 563,526 136,524 133,522 133,521 132,520 132,512 132,511 117,511 116,510 91,510 90,509 89,509 88,508 87,508 86,507 86,506 85,505 85,504 84,503 84,502 83,501 83,498 82,497 82,489 83,488 83,486 84,485 84,484 85,483 85,480 86,479 86,478 89,476 90,476 91,474 91,463 93,462 94,462 95,461 101,461 102,462 103,462 106,465 185,465 186,466 187,466 188,467 188,468 188,469 189,469 271,470 272,471 272,472 273,473 273,475 274,476 529,477 531,479 625,479 625,480 625,493 626,493 643,493 644,494 645,494 646,495 649,495 650,496 651,496 652,498 652,499 654,500 655,500 656,501 661,501 661,502 661,512 662,512 664,512 667,516 667,518 668,519 668,524 667,525 666,525 665,526 664,526 663,527 662,527 661,528 569,528 568,529 568,543 568,543"/><TextEquiv index="0"><Unicode>duplication. Gĕmĭnatio.</Unicode></TextEquiv><TextEquiv index="1"><Unicode>duplication. Gĕmĭnatio.</Unicode></TextEquiv></TextLine><TextLine id="l9"><Coords points="764,604 764,603 763,603 632,602 630,600 596,600 594,598 594,596 593,595 250,594 245,589 132,588 132,588 132,587 131,586 131,576 130,575 116,575 115,574 112,574 111,573 88,573 87,572 86,572 82,567 82,566 81,565 81,564 80,563 80,551 81,550 81,546 82,545 82,543 87,538 87,531 88,530 88,528 91,526 97,526 98,527 99,527 102,530 181,530 182,531 219,532 220,533 221,533 222,534 222,536 223,537 355,537 356,538 361,538 362,539 1103,542 1104,544 1104,545 1105,546 1105,552 1106,552 1117,552 1118,554 1118,557 1119,557 1165,558 1166,559 1170,559 1172,561 1173,561 1173,561 1173,574 1174,575 1174,576 1175,578 1184,578 1187,580 1187,584 1188,585 1187,586 1187,589 1186,590 1185,590 1184,591 1082,590 1081,591 1076,591 1075,592 926,592 926,592 926,593 925,594 925,595 917,603 765,602 765,602 765,604 764,605"/><TextEquiv index="0"><Unicode>duplicity. Faus -dis, fem., dŏlus, callĭdĭtas.</Unicode></TextEquiv><TextEquiv index="1"><Unicode>duplicity. Faus -dis, fem., dŏlus, callĭdĭtas.</Unicode></TextEquiv></TextLine><TextLine id="l10"><Coords points="576,667 575,666 574,666 574,666 574,664 573,663 342,662 342,662 342,661 573,662 574,662 573,661 276,660 275,659 274,659 271,655 271,654 270,653 270,646 269,646 262,646 261,645 260,645 259,644 210,643 209,642 186,642 185,641 168,641 167,640 155,640 154,639 122,639 121,638 86,638 85,637 84,637 83,636 82,636 82,635 82,634 81,633 81,632 80,631 80,630 79,629 79,626 78,625 78,617 79,616 79,614 80,613 80,612 81,611 81,608 82,607 82,606 84,604 85,604 87,602 87,591 88,590 89,590 90,589 96,589 97,590 98,590 101,593 101,595 101,595 212,596 213,597 245,597 246,597 246,598 247,599 247,600 247,601 260,601 261,602 262,602 263,603 765,605 766,605 766,606 766,607 1070,608 1073,611 1073,617 1073,617 1086,617 1087,618 1088,618 1089,619 1089,620 1090,621 1090,622 1090,622 1136,623 1138,625 1143,625 1144,625 1144,626 1145,627 1145,639 1146,640 1146,642 1146,643 1154,643 1155,644 1158,644 1159,644 1159,645 1160,646 1160,647 1161,648 1161,650 1160,651 1160,652 1158,654 1153,654 1152,655 1135,655 1134,656 852,654 852,655 852,656 851,657 851,658 849,660 849,661 847,663 847,664 846,664 845,664 844,665 843,665 842,666 841,666 840,667 579,666 578,667"/><TextEquiv index="0"><Unicode>durability. Fimĭtas, stăbĭlĭtas, diŭturnitas.</Unicode></TextEquiv><TextEquiv index="1"><Unicode>duhility. Fimĭtas, stăbĭlĭtas, diŭturnitas.</Unicode></TextEquiv></TextLine><TextLine id="l11"><Coords points="1474,736 1470,736 1469,735 1201,734 1200,733 1200,732 1199,731 708,729 707,730 706,730 705,731 702,731 701,732 693,732 691,730 571,729 570,729 570,717 570,716 513,716 512,715 449,715 448,714 359,713 358,712 339,712 338,711 313,711 312,710 291,710 290,709 278,709 277,708 253,708 252,707 233,707 232,706 201,705 200,704 169,704 168,703 148,703 147,702 109,702 108,701 107,701 106,700 87,700 84,697 84,695 83,694 83,674 82,673 83,672 82,672 81,672 81,671 81,670 80,669 81,668 81,665 84,662 84,661 86,659 86,658 86,658 87,658 88,657 137,657 138,656 139,656 140,655 142,655 143,656 144,656 146,658 212,659 213,660 214,660 215,660 215,661 215,662 342,662 343,663 343,668 343,668 462,669 463,670 1129,673 1130,672 1133,672 1134,673 1136,673 1137,674 1140,674 1141,675 1143,675 1145,677 1145,678 1146,679 1146,680 1147,681 1147,682 1148,683 1570,684 1570,684 1570,682 1571,681 1650,682 1650,681 1650,678 1651,677 1652,676 1653,675 1658,675 1659,674 1663,674 1664,675 1665,675 1666,675 1666,676 1666,677 1666,685 1667,686 1667,707 1668,708 1687,708 1688,709 1691,709 1693,711 1693,712 1694,713 1694,715 1693,716 1693,717 1693,718 1692,718 1691,719 1671,719 1670,720 1666,720 1665,721 1626,721 1624,722 1624,723 1623,724 1623,725 1618,730 1618,731 1617,733 1616,733 1615,734 1482,733 1480,735 1480,736 1480,736 1476,736 1475,737"/><TextEquiv index="0"><Unicode>to be durable. Dūro, 1; perduro, măneo, 2; permaneo, persto, 1.</Unicode></TextEquiv><TextEquiv index="1"><Unicode>to ble. Dūro, 1; perduro, măneo, 2; permaneo, persto, 1.</Unicode></TextEquiv></TextLine><TextLine id="l12"><Coords points="448,793 448,792 448,784 448,784 220,783 219,782 218,782 217,781 217,780 216,779 216,777 215,776 215,770 215,770 186,769 185,768 169,768 168,767 156,767 155,766 117,766 116,765 113,765 112,764 87,764 86,763 85,763 80,758 80,757 79,756 79,755 78,754 78,742 79,741 79,737 80,736 80,734 85,729 85,722 86,721 86,719 89,717 95,717 96,718 97,718 99,721 99,722 100,722 183,722 184,723 203,723 204,724 209,724 210,726 210,727 211,728 211,729 212,730 327,730 328,731 358,731 358,732 358,733 359,733 594,734 595,735 596,735 596,736 596,737 597,738 597,739 598,740 598,743 599,743 611,743 613,746 613,747 615,748 654,748 655,749 666,749 667,750 668,750 668,751 668,752 669,753 669,766 670,766 677,767 678,768 679,768 679,768 679,769 680,770 680,771 681,772 681,774 680,775 680,776 679,777 679,778 678,780 677,780 676,781 671,781 670,781 463,781 460,783 460,784 459,785 459,786 452,793"/><TextEquiv index="0"><Unicode>durably. Firme, firmiter.</Unicode></TextEquiv><TextEquiv index="1"><Unicode>durably. Firme, firmiter.</Unicode></TextEquiv></TextLine><TextLine id="l13"><Coords points="438,858 437,857 436,857 435,856 435,855 434,854 434,847 433,846 250,846 249,844 249,835 248,835 236,835 235,834 211,834 210,832 178,832 177,831 166,831 165,830 154,830 153,829 134,829 133,828 120,828 119,827 97,827 96,826 85,826 84,825 83,825 81,822 81,821 80,820 80,817 79,816 79,807 78,806 79,805 79,801 80,800 80,798 81,797 81,796 82,795 82,794 83,793 86,793 87,792 87,782 90,780 98,780 98,781 98,782 99,783 99,784 100,785 100,792 100,792 294,793 295,794 296,794 297,795 492,796 493,797 1494,801 1495,802 1512,802 1513,803 1514,803 1515,804 1515,805 1516,806 1516,817 1516,817 1536,817 1537,818 1538,818 1541,821 1541,822 1542,823 1542,829 1543,830 1543,831 1544,832 1544,833 1545,834 1545,837 1545,837 1556,837 1557,838 1558,838 1559,839 1559,844 1558,845 1558,846 1557,847 1557,848 1556,848 1549,848 1548,849 1547,849 1546,850 1305,849 1305,850 1305,852 1300,856 1299,856 1298,857 1294,857 1293,856 1088,855 1087,854 1087,848 1086,847 448,845 448,845 448,855 446,857 445,857 444,858 441,858 440,858"/><TextEquiv index="0"><Unicode>durance, i. e. imprisonment. Carcer -ĕris, -masc.; custōdia.</Unicode></TextEquiv><TextEquiv index="1"><Unicode>durance, i. e. imprisonment. Carcer -ĕris, —masc.; custōdia.</Unicode></TextEquiv></TextLine><TextLine id="l14"><Coords points="700,926 699,925 699,924 699,924 624,923 623,922 421,921 420,920 419,920 417,919 417,913 417,912 269,912 266,909 267,900 265,899 200,898 199,897 182,897 181,896 154,896 153,895 152,895 151,894 132,894 131,893 129,893 128,892 85,892 84,891 83,891 82,890 81,890 81,889 81,888 80,887 80,886 79,885 79,884 78,883 78,880 77,879 77,871 78,870 78,868 79,867 79,866 80,865 80,862 81,861 81,860 83,858 84,858 86,856 86,845 87,844 88,844 89,843 95,843 96,844 97,844 100,847 100,850 100,850 205,850 206,851 206,852 207,853 207,858 207,858 313,859 314,860 710,862 711,863 1652,867 1654,865 1856,866 1857,867 1860,867 1861,867 1861,868 1862,869 1862,879 1862,880 1936,880 1937,881 1938,881 1941,884 1941,887 1942,888 1942,891 1942,891 1956,891 1957,892 1958,892 1959,893 1960,893 1961,894 1961,898 1956,902 1948,902 1948,903 1947,910 1946,911 1946,912 1945,913 1944,913 1943,914 1814,913 1813,914 1813,916 1812,917 1812,920 1809,923 1809,924 1807,926 1806,926 1805,927 1804,927 1803,928 1793,928 1792,927 1791,927 1790,926 1789,926 1787,924 955,921 953,923 952,923 951,924 944,924 943,925 706,924 705,924 705,925 705,926"/><TextEquiv index="0"><Unicode>duration, i. e. space. Spătium; long duration, diŭturnitas; everlasting dura-</Unicode></TextEquiv><TextEquiv index="1"><Unicode>duration, i. e. space. Spătium; long duration, diŭturnitas; everlasting dura</Unicode></TextEquiv></TextLine><TextLine id="l15"><Coords points="747,990 746,989 746,972 746,972 734,972 733,973 731,973 730,972 675,972 668,971 667,972 597,972 596,973 596,984 594,986 592,986 591,987 586,987 585,986 583,986 582,986 582,985 581,984 581,972 581,971 519,971 518,971 518,981 517,982 517,983 516,985 506,985 505,984 465,984 464,983 464,970 464,970 410,969 409,970 407,970 405,968 353,968 352,967 327,967 326,966 307,966 306,965 245,965 244,965 244,975 242,978 240,978 239,979 235,979 234,978 232,978 231,977 231,976 230,975 230,973 230,973 205,972 202,970 202,963 202,962 201,962 199,960 179,960 178,959 163,959 162,958 159,958 158,959 158,976 158,976 157,976 156,975 154,975 153,975 153,959 153,958 133,958 132,957 130,957 128,956 128,955 127,954 127,937 124,934 124,930 127,927 127,926 128,925 128,924 129,923 130,923 130,923 130,922 131,921 142,921 142,921 142,918 143,917 143,916 144,915 145,914 149,914 150,916 150,917 151,918 151,929 152,929 165,929 166,930 179,930 180,931 189,931 190,932 193,932 194,933 232,934 233,933 257,933 257,932 257,924 258,923 258,921 259,921 273,921 274,920 277,920 277,920 277,935 278,936 311,936 312,937 339,937 340,938 376,938 376,938 376,926 377,925 377,924 379,922 395,922 396,923 397,923 397,924 397,933 398,933 407,933 409,936 409,937 410,938 410,939 411,939 451,940 452,941 459,941 460,942 461,942 461,942 461,944 462,945 462,954 463,955 463,956 465,958 501,958 501,957 501,943 502,942 502,941 504,940 575,940 576,941 599,941 600,942 638,942 638,942 638,941 639,940 639,939 640,938 640,937 643,934 645,934 646,935 647,935 647,936 647,940 648,940 649,940 650,941 684,942 684,941 684,928 685,928 686,928 687,927 699,927 700,926 705,926 706,927 706,933 707,934 715,934 716,935 716,936 717,937 717,938 720,941 763,941 764,942 769,942 770,943 770,944 771,945 771,955 773,957 773,958 774,959 779,959 780,960 783,960 784,961 785,961 785,962 785,963 786,964 785,965 785,969 782,972 780,972 779,973 778,972 756,972 755,972 755,989 755,990"/><TextEquiv index="0"><Unicode>tion, pĕrennĭtas, perpetuĭtas.</Unicode></TextEquiv><TextEquiv index="1"><Unicode>tion, pĕrennĭtas, perpetuĭtas.</Unicode></TextEquiv></TextLine><TextLine id="l16"><Coords points="887,1051 693,1051 692,1050 688,1050 687,1049 686,1049 685,1048 527,1047 526,1046 525,1046 523,1044 372,1043 371,1042 369,1042 369,1042 369,1041 368,1040 197,1039 196,1038 195,1038 194,1037 193,1037 190,1034 190,1024 189,1023 165,1023 164,1022 150,1022 149,1021 132,1021 131,1020 108,1020 107,1019 106,1019 105,1018 84,1018 83,1017 82,1017 78,1012 78,1011 77,1010 77,1009 76,1008 76,996 77,995 77,991 78,990 78,988 83,983 83,976 84,975 84,973 87,971 93,971 94,972 95,972 98,975 156,975 157,976 159,976 159,977 159,979 160,980 160,982 161,982 291,983 292,984 307,984 308,985 311,985 312,986 315,986 316,987 317,987 318,988 980,991 981,990 1114,990 1115,989 1116,990 1422,992 1423,991 1427,991 1428,992 1691,993 1691,993 1691,994 1692,995 1692,996 1693,997 1693,1006 1694,1007 1926,1008 1927,1009 1951,1009 1952,1010 1957,1010 1958,1012 1958,1013 1959,1014 1959,1023 1960,1024 1960,1027 1961,1028 1961,1032 1960,1033 1960,1034 1959,1035 1959,1036 1956,1038 1955,1038 1954,1039 1886,1039 1885,1040 1885,1043 1884,1044 1884,1045 1878,1051 1877,1051 1876,1052 1874,1052 1874,1051 1874,1041 1873,1041 1335,1038 1334,1039 1263,1039 1263,1040 1263,1042 1262,1043 1262,1046 1261,1047 1261,1048 1260,1049 1260,1050 1257,1052 1255,1052 1254,1053 1244,1053 1243,1052 1242,1052 1241,1051 1240,1051 1237,1047 1237,1046 1236,1045 1236,1039 1235,1039 900,1038 900,1038 900,1039 899,1040 899,1043 897,1045 897,1046 896,1047 896,1048 892,1051 889,1051 888,1052"/><TextEquiv index="0"><Unicode>during. Per, in. (During is very often the sign of the accusative case, as</Unicode></TextEquiv><TextEquiv index="1"><Unicode>during. Per, in. (During is very often the sign of the accusative case, as</Unicode></TextEquiv></TextLine><TextLine id="l17"><Coords points="1663,1120 1663,1119 1663,1105 1662,1105 1135,1103 1135,1103 1135,1112 1131,1116 1129,1116 1128,1117 1123,1116 1122,1115 1121,1115 1121,1115 1121,1114 1120,1113 1120,1103 1119,1102 480,1100 480,1100 480,1104 479,1105 479,1106 478,1107 478,1108 475,1111 474,1111 473,1112 472,1112 471,1113 468,1113 467,1114 462,1114 461,1113 457,1113 456,1112 381,1111 380,1110 379,1110 377,1108 296,1108 295,1107 142,1106 142,1106 142,1085 141,1084 140,1084 139,1083 130,1083 130,1083 130,1082 129,1081 129,1077 128,1076 128,1072 127,1071 127,1067 126,1066 126,1065 125,1064 125,1063 122,1060 123,1059 123,1058 124,1057 124,1056 124,1055 127,1055 128,1054 205,1054 206,1054 206,1046 206,1045 207,1045 208,1044 211,1045 212,1044 214,1044 215,1045 284,1045 285,1046 286,1046 288,1047 288,1048 289,1050 378,1050 379,1051 416,1051 417,1052 898,1055 899,1054 902,1054 903,1055 904,1055 905,1056 1525,1058 1526,1057 1562,1057 1563,1056 1565,1056 1566,1057 1568,1057 1569,1058 1569,1060 1570,1061 1570,1063 1570,1063 1657,1064 1659,1065 1659,1068 1660,1070 1844,1071 1845,1072 1933,1072 1934,1073 1935,1073 1940,1078 1940,1079 1941,1080 1941,1082 1942,1083 1955,1083 1958,1086 1958,1087 1959,1088 1958,1089 1958,1090 1956,1091 1942,1091 1941,1093 1941,1094 1940,1095 1940,1096 1935,1100 1934,1100 1933,1101 1909,1101 1908,1102 1905,1102 1905,1102 1905,1109 1905,1110 1996,1110 1997,1111 1998,1111 2001,1114 2000,1115 2000,1116 1998,1117 1823,1117 1822,1118 1665,1117 1665,1117 1665,1119 1664,1120"/><TextEquiv index="0"><Unicode>words signifying a duration of time are put in accus. without any prepo-</Unicode></TextEquiv><TextEquiv index="1"><Unicode>words signifying a duration of time are put in accus. without any prepo-</Unicode></TextEquiv></TextLine><TextLine id="l18"><Coords points="660,1178 653,1178 648,1174 648,1173 647,1172 647,1163 647,1162 611,1162 610,1161 609,1161 607,1160 607,1159 606,1158 606,1157 606,1156 569,1156 564,1161 561,1161 560,1162 512,1162 511,1163 507,1163 506,1162 504,1162 503,1161 479,1161 478,1160 426,1159 424,1161 422,1161 421,1162 419,1162 418,1161 416,1161 415,1160 411,1160 410,1159 342,1159 341,1160 341,1162 340,1163 340,1164 339,1165 339,1166 335,1170 334,1169 333,1169 331,1168 331,1160 330,1158 311,1158 310,1157 256,1157 255,1157 255,1159 254,1160 254,1161 251,1164 251,1165 251,1166 250,1166 249,1167 247,1167 246,1166 245,1166 244,1165 244,1164 243,1163 243,1154 243,1154 205,1153 204,1152 175,1152 174,1151 161,1151 160,1150 131,1150 130,1149 129,1150 129,1169 129,1169 124,1169 123,1169 123,1149 120,1146 121,1126 122,1125 122,1123 124,1120 125,1120 126,1119 139,1119 140,1119 140,1108 141,1106 172,1106 173,1107 175,1107 177,1109 177,1122 177,1122 218,1123 219,1124 220,1124 221,1125 222,1125 223,1125 223,1126 224,1127 224,1128 224,1129 284,1129 285,1128 287,1128 288,1127 296,1127 297,1128 324,1128 326,1130 326,1131 326,1131 369,1131 370,1130 401,1130 402,1131 486,1132 487,1131 558,1131 559,1132 562,1132 563,1133 564,1133 565,1134 602,1134 603,1133 604,1131 606,1129 606,1128 607,1127 607,1126 608,1124 609,1124 610,1123 612,1123 613,1124 613,1128 614,1129 614,1131 614,1131 637,1131 638,1132 707,1133 708,1132 708,1128 709,1127 711,1127 712,1126 725,1126 726,1125 726,1119 728,1117 730,1117 731,1116 732,1117 734,1117 735,1118 736,1118 737,1118 737,1130 739,1133 785,1133 786,1132 801,1132 802,1133 803,1133 803,1134 803,1135 804,1135 842,1135 843,1134 845,1134 846,1133 848,1133 849,1133 849,1121 850,1119 853,1119 854,1118 856,1118 857,1119 858,1119 860,1121 860,1122 861,1123 861,1133 861,1133 914,1134 915,1133 922,1133 923,1132 923,1121 924,1120 925,1120 926,1119 927,1119 928,1118 930,1118 932,1119 932,1120 933,1121 933,1133 933,1134 1072,1134 1072,1134 1073,1120 1074,1118 1075,1118 1076,1117 1082,1117 1083,1118 1084,1118 1086,1120 1086,1121 1087,1122 1087,1133 1087,1133 1091,1133 1092,1134 1132,1135 1132,1134 1133,1120 1134,1119 1138,1119 1139,1120 1140,1120 1142,1121 1142,1122 1143,1123 1142,1134 1143,1135 1165,1135 1166,1136 1167,1136 1168,1137 1169,1137 1171,1139 1171,1140 1172,1141 1209,1141 1209,1140 1209,1139 1214,1135 1217,1135 1217,1134 1218,1121 1220,1119 1226,1119 1227,1120 1228,1120 1232,1123 1232,1133 1232,1134 1249,1134 1250,1135 1303,1135 1304,1134 1314,1134 1315,1135 1316,1135 1316,1136 1316,1137 1317,1138 1317,1152 1319,1153 1359,1154 1359,1153 1359,1137 1366,1131 1367,1131 1368,1130 1369,1131 1370,1131 1371,1132 1372,1132 1373,1133 1411,1133 1412,1132 1412,1130 1412,1130 1413,1130 1414,1129 1415,1129 1416,1128 1416,1127 1416,1127 1417,1127 1417,1128 1418,1129 1418,1131 1421,1135 1465,1135 1466,1136 1469,1136 1470,1137 1471,1137 1471,1138 1471,1139 1472,1140 1472,1141 1473,1141 1510,1141 1510,1141 1510,1140 1511,1139 1511,1138 1513,1136 1514,1136 1515,1135 1519,1135 1519,1135 1520,1123 1523,1119 1549,1119 1551,1121 1550,1135 1551,1135 1589,1136 1590,1135 1596,1135 1597,1136 1599,1136 1599,1136 1599,1137 1600,1138 1638,1138 1641,1135 1659,1135 1660,1134 1660,1121 1661,1120 1666,1120 1667,1120 1667,1121 1668,1122 1668,1134 1668,1135 1711,1135 1712,1136 1748,1136 1748,1136 1749,1124 1750,1123 1750,1122 1750,1121 1752,1121 1753,1120 1758,1120 1759,1121 1760,1121 1761,1122 1761,1123 1762,1124 1762,1133 1763,1134 1762,1136 1763,1136 1802,1136 1803,1135 1817,1136 1818,1135 1820,1135 1821,1134 1822,1135 1957,1135 1959,1138 1959,1139 1960,1140 1960,1150 1961,1151 1961,1152 1962,1153 1962,1156 1961,1157 1961,1158 1959,1160 1959,1162 1959,1162 1958,1162 1957,1163 1957,1164 1957,1164 1955,1164 1954,1165 1885,1165 1884,1164 1846,1164 1845,1165 1807,1164 1806,1165 1804,1165 1803,1166 1799,1166 1798,1165 1715,1165 1666,1165 1665,1166 1645,1166 1644,1165 1639,1165 1638,1164 1599,1164 1598,1165 1597,1165 1596,1166 1570,1165 1569,1166 1550,1166 1549,1167 1548,1166 1532,1166 1531,1165 1518,1165 1517,1164 1514,1164 1511,1161 1474,1161 1469,1166 1467,1166 1466,1167 1462,1167 1461,1166 1459,1166 1458,1165 1420,1165 1419,1166 1417,1166 1416,1165 1335,1164 1334,1165 1334,1169 1331,1172 1331,1173 1330,1174 1329,1174 1328,1175 1324,1175 1323,1175 1323,1174 1322,1173 1322,1166 1322,1165 1283,1165 1281,1167 1281,1168 1280,1169 1280,1170 1279,1171 1279,1174 1275,1178 1272,1178 1271,1179 1269,1179 1268,1178 1267,1178 1264,1176 1264,1166 1264,1165 1219,1165 1218,1164 1217,1164 1216,1163 1214,1163 1213,1162 1212,1162 1210,1160 1171,1160 1167,1164 1090,1163 1089,1164 1079,1164 1078,1163 1042,1163 1039,1161 1039,1160 1038,1159 1038,1155 1037,1154 1037,1152 1036,1151 1036,1149 1035,1148 1035,1146 1034,1145 1034,1144 1034,1143 997,1143 994,1145 994,1169 993,1170 993,1172 991,1174 991,1175 989,1178 988,1178 987,1179 984,1179 983,1180 977,1180 976,1179 974,1179 973,1178 971,1178 968,1175 967,1175 965,1173 965,1164 965,1164 896,1163 895,1164 855,1164 854,1163 842,1163 840,1161 839,1161 838,1161 838,1160 836,1158 836,1154 835,1153 835,1145 835,1144 800,1144 799,1145 799,1160 798,1161 798,1162 797,1163 772,1163 771,1164 767,1164 766,1163 675,1163 674,1163 674,1169 673,1170 673,1171 670,1174 670,1176 670,1177 669,1176 668,1177 666,1177 665,1178 662,1178 661,1179"/><TextEquiv index="0"><Unicode>sition; as, we were together during whole days, totos dies simul eramus</Unicode></TextEquiv><TextEquiv index="1"><Unicode>sition; as, we were together during whole days, totos dies simul eramus</Unicode></TextEquiv></TextLine><TextLine id="l19"><Coords points="1399,1245 1398,1244 1396,1244 1395,1243 1394,1243 1393,1242 1392,1242 1391,1241 1391,1240 1390,1239 1390,1238 1389,1237 1389,1230 1389,1230 982,1228 981,1229 450,1227 449,1227 449,1228 445,1232 445,1233 445,1234 444,1234 441,1236 441,1237 441,1238 440,1237 439,1238 438,1237 437,1237 435,1236 435,1227 435,1226 423,1226 422,1225 365,1225 364,1224 361,1224 360,1223 357,1223 356,1222 284,1222 283,1221 282,1221 281,1220 265,1220 264,1219 255,1219 254,1218 205,1217 204,1216 203,1216 202,1215 185,1215 183,1213 138,1213 137,1212 123,1212 120,1210 120,1209 119,1208 120,1207 120,1184 121,1183 121,1172 122,1171 122,1170 123,1169 130,1169 131,1170 189,1170 190,1171 191,1171 191,1172 191,1173 192,1174 192,1176 193,1176 369,1177 370,1178 391,1178 392,1179 680,1181 681,1180 682,1181 918,1182 919,1181 923,1181 924,1182 925,1182 926,1183 1117,1183 1118,1182 1139,1183 1140,1182 1278,1182 1279,1183 1353,1183 1353,1184 1353,1185 1354,1186 1354,1196 1355,1196 1610,1198 1611,1197 1701,1197 1701,1197 1701,1186 1702,1185 1702,1184 1703,1183 1706,1183 1707,1182 1855,1183 1857,1185 1858,1185 1858,1185 1858,1191 1859,1192 1901,1192 1902,1193 1903,1193 1904,1194 1905,1194 1908,1197 1960,1197 1962,1200 1962,1206 1959,1209 1958,1209 1957,1210 1957,1224 1956,1225 1956,1226 1956,1226 1955,1226 1954,1227 1930,1227 1929,1228 1890,1228 1889,1229 1807,1228 1806,1229 1802,1229 1801,1230 1586,1230 1585,1230 1557,1230 1556,1231 1556,1240 1555,1241 1555,1243 1554,1244 1552,1244 1551,1245"/><TextEquiv index="0"><Unicode>invicem. Cic.).—I dictated this to Tiro during supper. Hæc inter</Unicode></TextEquiv><TextEquiv index="1"><Unicode>invicem. Cic.).—I dictated this to Tiro during supper. Hæc inter</Unicode></TextEquiv></TextLine><TextLine id="l20"><Coords points="121,1239 790,1242 789,1294 120,1291"/><TextEquiv index="0"><Unicode>cœam Tironi dictavi. Cic.</Unicode></TextEquiv><TextEquiv index="1"><Unicode>cœnam Tironi dictavi. Cic.</Unicode></TextEquiv></TextLine><TextLine id="l21"><Coords points="475,1370 474,1369 470,1369 467,1366 468,1355 467,1355 398,1354 397,1353 395,1353 394,1352 175,1351 174,1352 172,1352 172,1352 172,1344 170,1342 144,1342 143,1341 132,1341 131,1340 116,1340 115,1339 103,1339 102,1338 79,1338 78,1337 77,1337 73,1332 73,1331 72,1330 72,1329 71,1328 71,1316 72,1315 72,1311 73,1310 73,1308 78,1303 78,1296 79,1295 79,1293 81,1291 87,1291 88,1292 89,1292 92,1295 150,1295 151,1296 151,1297 152,1298 152,1299 153,1300 153,1301 153,1301 260,1302 261,1303 267,1303 268,1303 268,1304 269,1306 614,1307 615,1308 616,1308 617,1309 618,1309 619,1310 619,1313 620,1314 620,1322 620,1322 842,1323 843,1323 843,1312 843,1311 844,1311 845,1310 852,1310 853,1309 963,1310 964,1309 965,1309 966,1308 1421,1310 1422,1309 1644,1310 1645,1311 1646,1311 1647,1311 1647,1313 1648,1314 1648,1323 1648,1324 1899,1325 1900,1324 1911,1324 1912,1323 1913,1324 1914,1324 1915,1325 1936,1325 1939,1328 1939,1329 1941,1331 1941,1332 1942,1333 1942,1335 1943,1336 1943,1344 1943,1344 1953,1344 1954,1345 1956,1345 1959,1348 1959,1349 1960,1350 1960,1352 1959,1353 1959,1354 1956,1356 1859,1356 1859,1356 1858,1365 1857,1366 1857,1368 1856,1370 1854,1370 1853,1371 1849,1371 1848,1370 1845,1370 1843,1368 1844,1357 1843,1357 1587,1356 1586,1357 1578,1356 1577,1357 1488,1357 1487,1359 1487,1360 1486,1360 1485,1360 1484,1361 1478,1361 1478,1362 1477,1370 1477,1370 1474,1370 1473,1371 1471,1371 1470,1370 1469,1370 1468,1369 1467,1369 1462,1363 1462,1361 1461,1360 1461,1357 1460,1357 1117,1355 1116,1356 899,1356 898,1357 486,1355 486,1355 485,1365 483,1368 482,1368 481,1369 478,1369 477,1370"/><TextEquiv index="0"><Unicode>dusk, subst. Crĕpuscŭlum.—In the dusk of evening. Primo vespere.</Unicode></TextEquiv><TextEquiv index="1"><Unicode>duk, sbst. Crĕpuscŭlum.—In the dusk of evening. Primo vespere.</Unicode></TextEquiv></TextLine><TextLine id="l22"><Coords points="1069,1434 1068,1434 1068,1433 1067,1432 1067,1422 1067,1421 318,1418 317,1418 317,1429 317,1430 316,1429 316,1410 316,1410 203,1409 202,1408 187,1408 186,1407 171,1407 170,1406 131,1406 130,1405 128,1405 125,1402 124,1402 123,1402 123,1401 122,1400 122,1399 121,1398 121,1397 120,1396 120,1394 119,1393 119,1389 118,1388 118,1380 119,1379 119,1374 120,1373 120,1370 121,1369 121,1368 122,1367 122,1366 127,1361 128,1361 130,1359 131,1359 132,1358 133,1359 136,1359 137,1360 139,1360 141,1362 145,1362 146,1364 146,1367 147,1367 345,1368 346,1369 347,1369 349,1371 1029,1374 1030,1373 1318,1374 1319,1373 1590,1375 1591,1374 1596,1374 1597,1375 1600,1375 1600,1375 1600,1376 1601,1377 1601,1380 1602,1381 1953,1382 1954,1384 1954,1387 1956,1388 1957,1388 1958,1389 1959,1389 1959,1390 1959,1391 1960,1392 1960,1407 1963,1410 1962,1411 1962,1413 1961,1414 1961,1415 1959,1417 1958,1417 1957,1418 1956,1418 1955,1419 1834,1419 1833,1420 1802,1419 1801,1420 1733,1420 1732,1421 1732,1432 1731,1433 1731,1434 1731,1434 1730,1434 1729,1435 1442,1434 1441,1435 1082,1433 1081,1434"/><TextEquiv index="0"><Unicode>Cæs.—As soon as it was dusk we departed. Cum jam ad vesperasceret</Unicode></TextEquiv><TextEquiv index="1"><Unicode>Cæs.—As soon as it was dusk we departed. Cum jam ad vesperasceret</Unicode></TextEquiv></TextLine><TextLine id="l23"><Coords points="76,1484 76,1483 76,1483 77,1483 78,1482 82,1482 83,1483 85,1483 86,1482 86,1432 87,1432 91,1432 92,1431 95,1431 96,1430 100,1430 101,1429 105,1429 106,1428 109,1428 110,1427 114,1427 115,1426 118,1426 119,1425 123,1425 124,1424 127,1424 128,1423 137,1423 138,1424 149,1424 150,1425 151,1425 151,1426 151,1429 152,1429 317,1430 317,1430 317,1433 318,1434 453,1435 454,1436 481,1436 482,1437 483,1437 483,1437 483,1439 484,1440 484,1450 485,1451 505,1451 506,1452 507,1452 508,1453 509,1453 511,1455 511,1456 512,1457 512,1468 513,1469 523,1469 523,1469 523,1470 526,1473 526,1479 523,1482 445,1482 444,1483 135,1481 127,1472 126,1472 122,1468 121,1468 118,1466 118,1465 110,1456 109,1456 94,1441 93,1441 88,1436 87,1436 87,1483 86,1484"/><TextEquiv index="0"><Unicode>discessimus. Cic.</Unicode></TextEquiv><TextEquiv index="1"><Unicode>discessimus. Cic.</Unicode></TextEquiv></TextLine><TextLine id="l24"><Coords points="444,1561 442,1559 439,1559 437,1556 437,1553 436,1552 436,1551 435,1550 220,1550 219,1549 86,1548 85,1547 80,1547 80,1546 80,1529 79,1529 76,1529 75,1528 72,1528 72,1527 72,1526 71,1525 71,1524 70,1523 70,1522 69,1521 69,1518 68,1517 68,1512 67,1511 68,1510 68,1505 69,1504 69,1502 70,1501 70,1499 72,1497 73,1497 75,1495 75,1484 75,1484 86,1484 87,1484 87,1485 87,1486 144,1486 145,1487 146,1487 147,1488 147,1489 147,1489 220,1490 221,1491 222,1491 223,1491 223,1495 223,1496 474,1497 475,1498 1309,1501 1310,1500 1467,1501 1468,1500 1790,1501 1791,1500 1794,1500 1795,1501 1797,1501 1798,1502 1798,1503 1799,1504 1799,1514 1799,1514 1914,1515 1915,1516 1918,1516 1919,1517 1920,1517 1921,1517 1921,1518 1922,1519 1922,1533 1922,1534 1931,1534 1932,1535 1935,1535 1936,1536 1936,1537 1937,1538 1937,1542 1936,1543 1936,1545 1934,1546 1933,1546 1932,1547 1816,1547 1815,1548 1755,1547 1754,1549 1754,1550 1753,1551 1753,1552 1752,1553 1752,1554 1747,1558 1746,1558 1745,1559 1743,1559 1742,1558 1742,1553 1741,1552 1136,1550 1135,1551 1135,1552 1133,1554 1133,1555 1130,1558 1128,1558 1126,1559 479,1557 478,1558 459,1558 458,1559 457,1559 456,1560 455,1560 454,1561"/><TextEquiv index="0"><Unicode>dusky (as evening). Obscūrus, tĕnĕbrōsus; i. e. of a darkish colour, fuscus.</Unicode></TextEquiv><TextEquiv index="1"><Unicode>dusy (a evening). Obscūrus, tĕnĕbrōsus; i. e. of a darkish colour, fuscus.</Unicode></TextEquiv></TextLine><TextLine id="l25"><Coords points="507,1621 506,1620 505,1620 504,1619 504,1609 504,1609 419,1608 418,1607 348,1607 347,1606 331,1606 330,1605 327,1605 326,1604 311,1604 310,1603 269,1603 268,1602 225,1602 224,1601 223,1601 221,1599 149,1598 148,1597 147,1597 146,1596 145,1596 144,1595 113,1595 112,1594 85,1594 84,1593 83,1593 82,1592 77,1592 76,1591 75,1591 73,1589 72,1589 72,1588 72,1587 71,1586 71,1584 70,1583 70,1577 69,1576 69,1569 70,1568 70,1565 72,1563 72,1562 74,1560 74,1559 74,1559 75,1559 76,1558 76,1549 77,1548 77,1547 77,1547 85,1547 86,1548 87,1548 89,1549 89,1553 89,1554 147,1554 148,1555 232,1556 233,1557 240,1557 241,1558 291,1558 292,1559 293,1559 294,1559 294,1560 294,1561 333,1561 334,1562 335,1562 336,1563 472,1564 473,1565 474,1565 475,1565 475,1576 475,1577 498,1577 499,1578 630,1578 631,1579 652,1579 653,1580 654,1580 655,1581 656,1581 657,1582 657,1589 658,1590 657,1598 658,1598 666,1598 667,1599 668,1600 668,1600 668,1601 669,1602 669,1604 670,1605 669,1606 669,1608 668,1609 667,1609 666,1610 518,1610 517,1610 517,1611 516,1612 516,1613 513,1616 513,1617 511,1620 509,1620 508,1621"/><TextEquiv index="0"><Unicode>dust. Pulvis -ĕris, masc.</Unicode></TextEquiv><TextEquiv index="1"><Unicode>dust. Pulvis -ĕris, masc.</Unicode></TextEquiv></TextLine><TextLine id="l26"><Coords points="713,1690 712,1689 419,1687 418,1686 417,1686 416,1685 415,1685 412,1683 412,1682 411,1681 411,1676 411,1675 75,1674 74,1673 74,1655 74,1655 73,1655 71,1653 71,1652 70,1651 70,1627 68,1625 69,1624 69,1621 70,1620 70,1619 71,1618 71,1617 77,1612 79,1612 80,1613 138,1613 139,1614 140,1614 140,1615 140,1616 142,1618 142,1620 143,1620 295,1621 296,1622 305,1622 306,1623 307,1623 308,1624 311,1624 312,1625 926,1628 927,1627 1128,1628 1130,1630 1130,1642 1131,1643 1181,1643 1182,1644 1183,1644 1183,1644 1183,1645 1187,1649 1187,1650 1188,1651 1188,1660 1189,1661 1197,1661 1198,1662 1200,1662 1201,1663 1201,1664 1202,1665 1202,1667 1201,1668 1201,1671 1200,1672 1200,1673 1199,1675 1198,1675 1197,1676 1152,1676 1151,1676 1151,1685 1150,1686 1150,1687 1149,1689 1148,1689 1147,1690 720,1688 719,1689 716,1689 715,1690"/><TextEquiv index="0"><Unicode>to dust. Dētergeo, 2; purgo, 1.—See to wipe.</Unicode></TextEquiv><TextEquiv index="1"><Unicode>to dust. Dētergeo, 2; purgo, 1.—See to wipe.</Unicode></TextEquiv></TextLine><TextLine id="l27"><Coords points="628,1752 627,1751 622,1751 622,1751 622,1750 621,1749 586,1749 585,1748 585,1741 584,1740 162,1738 161,1737 154,1737 153,1736 75,1736 75,1735 75,1719 74,1719 73,1719 72,1718 71,1718 68,1714 68,1713 66,1711 66,1704 65,1703 65,1695 66,1694 66,1691 67,1690 67,1689 70,1687 71,1687 72,1685 72,1675 74,1674 84,1674 85,1675 85,1681 86,1682 143,1682 145,1684 261,1685 262,1686 271,1686 272,1687 273,1687 274,1688 692,1690 693,1691 752,1691 753,1692 753,1705 753,1706 850,1706 851,1707 852,1707 853,1708 853,1709 854,1710 854,1723 855,1724 855,1725 855,1725 866,1725 867,1726 868,1726 869,1727 870,1728 870,1729 871,1730 871,1732 870,1733 870,1735 866,1738 639,1737 639,1738 639,1749 638,1750 638,1751 637,1751 633,1751 632,1752"/><TextEquiv index="0"><Unicode>dusty. Pulvĕrŭlentus, pulvĕreus.</Unicode></TextEquiv><TextEquiv index="1"><Unicode>dusty. Pulvĕrŭlentus, pulvĕreus.</Unicode></TextEquiv></TextLine><TextLine id="l28"><Coords points="392,1800 391,1799 348,1799 347,1798 332,1798 331,1797 320,1797 319,1796 318,1796 317,1795 270,1795 269,1794 254,1794 253,1793 252,1793 251,1792 250,1792 249,1791 184,1790 183,1789 175,1789 174,1788 144,1788 143,1787 122,1787 121,1786 120,1786 120,1786 120,1785 119,1784 96,1784 95,1783 70,1783 69,1782 68,1782 68,1781 68,1780 67,1779 67,1777 66,1776 66,1775 65,1774 65,1772 64,1771 64,1768 63,1767 63,1757 64,1756 64,1753 65,1752 65,1751 65,1751 66,1750 67,1750 68,1749 71,1749 72,1748 72,1736 72,1736 73,1736 74,1735 75,1736 82,1736 83,1737 161,1737 162,1738 162,1742 163,1743 164,1743 167,1746 167,1748 167,1748 264,1749 265,1750 271,1750 272,1751 273,1751 274,1752 275,1752 276,1753 303,1753 305,1754 305,1760 305,1761 348,1761 349,1762 350,1762 351,1763 351,1769 351,1769 424,1769 425,1770 427,1770 428,1771 432,1771 433,1772 433,1777 434,1778 434,1785 435,1786 435,1788 435,1788 446,1789 447,1790 448,1790 450,1791 450,1792 451,1793 450,1794 450,1797 449,1798 449,1799 448,1800 447,1800 446,1801"/><TextEquiv index="0"><Unicode>dutch. Bătāvus.</Unicode></TextEquiv><TextEquiv index="1"><Unicode>dutch. Bătavus.</Unicode></TextEquiv></TextLine><TextLine id="l29"><Coords points="310,1877 309,1876 308,1876 307,1875 307,1870 307,1870 241,1870 238,1867 238,1866 237,1865 72,1864 71,1863 71,1846 71,1846 69,1846 68,1845 68,1844 67,1843 67,1842 65,1840 65,1839 64,1838 65,1817 66,1816 66,1815 68,1813 69,1813 70,1812 71,1812 72,1811 72,1801 74,1799 75,1799 76,1798 80,1798 81,1799 82,1799 85,1801 85,1802 85,1803 144,1803 145,1804 145,1805 145,1805 164,1805 165,1806 166,1806 167,1807 204,1807 207,1810 207,1813 207,1813 245,1814 247,1816 1027,1819 1028,1818 1118,1818 1119,1817 1121,1817 1122,1818 1124,1818 1126,1820 1126,1821 1126,1822 1126,1825 1127,1826 1198,1826 1199,1827 1199,1828 1200,1829 1200,1832 1202,1834 1203,1834 1203,1834 1204,1835 1204,1836 1205,1837 1205,1852 1206,1853 1217,1853 1218,1854 1219,1854 1220,1855 1220,1856 1221,1857 1221,1859 1222,1860 1222,1864 1221,1865 1221,1866 1221,1867 1220,1867 1219,1868 618,1865 617,1866 617,1868 616,1869 616,1870 615,1871 614,1871 612,1873 611,1874 611,1875 611,1875 610,1875 609,1876 608,1876 607,1877 319,1876 318,1877"/><TextEquiv index="0"><Unicode>dutiful (to parents, &amp;c.). Pius.—See obedient.</Unicode></TextEquiv><TextEquiv index="1"><Unicode>dutiful (to parents, &amp;c.). Pius.—See obedient.</Unicode></TextEquiv></TextLine><TextLine id="l30"><Coords points="407,1941 406,1940 404,1940 404,1940 404,1934 404,1933 225,1933 223,1931 223,1920 223,1920 197,1919 196,1918 175,1918 174,1917 170,1917 169,1916 153,1916 152,1915 119,1915 117,1913 103,1913 102,1912 94,1912 93,1911 93,1910 93,1910 70,1910 69,1909 68,1909 63,1904 63,1903 62,1902 62,1901 61,1900 61,1888 62,1887 62,1883 63,1882 63,1880 68,1875 68,1868 69,1867 69,1865 71,1864 80,1864 83,1867 137,1867 138,1868 139,1868 140,1869 141,1869 141,1870 141,1871 142,1871 164,1871 165,1872 217,1873 220,1876 220,1879 221,1880 335,1880 336,1881 547,1882 548,1883 549,1883 549,1883 549,1891 550,1892 777,1893 777,1892 777,1885 778,1885 779,1885 780,1884 783,1884 784,1883 845,1883 845,1884 845,1885 846,1886 846,1898 847,1898 873,1898 874,1899 875,1899 876,1901 876,1903 877,1904 877,1917 878,1917 889,1917 890,1918 891,1918 892,1919 893,1919 894,1921 894,1928 893,1929 890,1929 889,1930 706,1930 705,1931 703,1931 702,1930 419,1928 418,1929 418,1932 417,1933 417,1934 416,1935 416,1936 415,1937 415,1938 412,1940 411,1940 410,1941"/><TextEquiv index="0"><Unicode>dutiflly. Pie, rĕvĕrenter. Plin.</Unicode></TextEquiv><TextEquiv index="1"><Unicode>dutiflly. Pie, rĕvĕrenter. Plin.</Unicode></TextEquiv></TextLine><TextLine id="l31"><Coords points="698,2008 697,2007 695,2007 693,2005 508,2004 508,2003 508,2002 507,2001 507,1997 506,1997 174,1995 173,1994 172,1994 170,1992 170,1982 169,1981 159,1981 158,1980 157,1980 156,1979 133,1979 132,1978 131,1978 130,1977 118,1977 117,1976 106,1976 105,1975 104,1975 103,1974 78,1974 77,1973 75,1973 74,1972 68,1972 67,1971 66,1971 63,1967 63,1964 62,1963 62,1945 63,1944 63,1943 64,1942 64,1941 65,1940 66,1940 67,1939 107,1939 108,1939 108,1933 111,1930 119,1930 119,1931 119,1932 120,1932 235,1933 235,1933 235,1934 234,1934 232,1935 121,1934 121,1935 121,1937 121,1937 160,1937 161,1938 162,1938 163,1939 406,1940 407,1941 408,1941 409,1942 409,1944 409,1944 1109,1947 1110,1946 1171,1947 1172,1946 1173,1946 1174,1945 1175,1946 1841,1949 1842,1948 1848,1948 1849,1949 1851,1949 1853,1950 1853,1952 1854,1953 1854,1954 1854,1955 1900,1955 1901,1955 1901,1956 1902,1957 1902,1961 1903,1963 1934,1963 1935,1964 1938,1964 1939,1965 1939,1983 1939,1983 1952,1983 1953,1984 1954,1984 1955,1985 1955,1987 1956,1988 1956,1993 1955,1994 1955,1995 1951,1999 1951,2000 1948,2002 1947,2002 1946,2003 1924,2003 1923,2004 1923,2005 1922,2006 1921,2006 1920,2007 1919,2007 1918,2008 1613,2007 1612,2008 1610,2008 1610,2007 1610,2006 1609,2005 1609,2004 1608,2004 709,2000 707,2002 707,2003 706,2004 706,2005 705,2006 705,2007 704,2008"/><TextEquiv index="0"><Unicode>a duty. Offĭcium; a duty to be done, efficium, mūnus -ĕris, neut.; duty,</Unicode></TextEquiv><TextEquiv index="1"><Unicode>a duty. Offĭcium; a duty to be done, efficium, mūnus ĕris, neut.; duty,</Unicode></TextEquiv></TextLine><TextLine id="l32"><Coords points="469,2072 468,2071 466,2071 464,2069 464,2068 463,2067 463,2056 463,2056 422,2055 421,2056 417,2056 416,2055 384,2055 383,2056 383,2068 383,2068 379,2068 376,2065 375,2065 374,2064 373,2064 372,2064 372,2063 369,2060 369,2059 368,2058 368,2057 367,2056 367,2055 366,2053 323,2053 322,2052 275,2052 273,2050 241,2050 240,2049 205,2048 204,2047 174,2047 173,2046 160,2046 158,2044 136,2044 135,2043 116,2043 114,2041 110,2041 107,2038 107,2037 106,2036 106,2026 107,2025 107,2020 108,2019 108,2018 109,2017 109,2016 111,2013 112,2013 113,2012 115,2012 117,2011 117,2000 118,1999 118,1998 118,1997 119,1997 120,1996 124,1996 125,1997 126,1997 128,1999 128,2010 128,2010 172,2010 173,2010 173,2006 174,2005 174,2004 176,2001 178,2001 179,2002 229,2003 230,2002 231,2003 234,2003 237,2005 237,2006 238,2007 238,2017 238,2018 244,2018 245,2019 248,2019 249,2020 258,2020 259,2021 260,2021 261,2022 324,2022 325,2023 366,2023 369,2021 369,2020 371,2018 371,2017 372,2016 372,2015 374,2012 375,2012 376,2011 377,2011 378,2010 380,2010 381,2011 382,2011 383,2012 383,2018 383,2018 398,2018 400,2020 400,2023 401,2024 401,2025 401,2025 420,2025 421,2026 465,2027 466,2026 503,2026 504,2025 604,2025 606,2024 606,2023 607,2021 608,2021 609,2020 611,2020 613,2022 613,2023 614,2024 614,2025 614,2025 632,2025 633,2026 636,2026 637,2027 638,2027 641,2030 641,2038 641,2038 682,2039 683,2038 683,2037 687,2033 688,2033 689,2032 690,2032 691,2031 691,2021 692,2020 692,2019 694,2017 695,2017 696,2016 697,2016 702,2011 704,2011 707,2013 707,2014 707,2015 708,2015 709,2015 709,2018 710,2019 710,2024 710,2025 720,2025 721,2026 769,2026 770,2025 770,2013 771,2012 771,2011 772,2010 776,2010 777,2011 778,2011 785,2018 785,2019 786,2020 786,2021 787,2022 787,2023 788,2024 788,2025 789,2026 789,2028 790,2029 790,2031 790,2031 831,2031 832,2031 832,2029 834,2026 863,2026 864,2026 864,2013 865,2011 866,2011 867,2010 898,2011 900,2009 903,2009 904,2009 904,2010 905,2011 905,2017 905,2018 914,2018 918,2021 918,2023 919,2025 920,2025 921,2026 966,2026 967,2027 970,2027 971,2027 971,2028 972,2029 972,2032 973,2033 973,2044 973,2045 1022,2045 1023,2045 1023,2030 1024,2029 1024,2028 1026,2025 1048,2025 1049,2025 1049,2016 1050,2015 1050,2014 1050,2013 1051,2013 1052,2012 1067,2012 1068,2011 1070,2013 1122,2013 1124,2011 1126,2012 1127,2013 1128,2013 1129,2013 1129,2026 1129,2027 1193,2027 1194,2026 1212,2026 1213,2025 1213,2024 1214,2023 1214,2022 1216,2020 1231,2020 1232,2019 1232,2015 1233,2014 1233,2013 1234,2012 1234,2011 1234,2011 1238,2011 1241,2014 1241,2027 1241,2027 1262,2027 1263,2028 1264,2028 1267,2031 1267,2032 1268,2033 1268,2036 1268,2036 1290,2036 1291,2037 1361,2038 1362,2037 1414,2037 1415,2036 1415,2015 1416,2014 1416,2013 1416,2013 1418,2013 1419,2012 1448,2012 1449,2011 1459,2011 1460,2010 1463,2010 1464,2011 1466,2011 1467,2012 1496,2012 1497,2013 1498,2013 1499,2014 1499,2015 1500,2016 1500,2026 1500,2026 1552,2026 1553,2026 1553,2014 1554,2012 1559,2012 1561,2014 1561,2026 1561,2026 1740,2027 1741,2027 1741,2015 1742,2013 1750,2013 1751,2014 1751,2017 1752,2018 1752,2027 1752,2027 1825,2028 1826,2027 1826,2013 1826,2013 1829,2013 1830,2012 1832,2012 1833,2013 1834,2013 1835,2013 1835,2026 1835,2027 1930,2027 1931,2028 1936,2028 1938,2030 1938,2033 1939,2034 1939,2041 1940,2042 1940,2045 1941,2046 1950,2046 1951,2047 1952,2047 1954,2049 1955,2049 1956,2050 1955,2053 1956,2054 1956,2056 1955,2057 1955,2061 1954,2062 1954,2063 1953,2064 1953,2065 1952,2066 1951,2066 1947,2070 1945,2070 1944,2070 1944,2057 1944,2056 1890,2056 1889,2057 1888,2057 1887,2058 1885,2058 1884,2057 1815,2057 1813,2059 1812,2057 1809,2057 1808,2056 1760,2056 1759,2057 1756,2057 1755,2056 1696,2056 1695,2057 1677,2057 1676,2056 1628,2056 1627,2056 1627,2061 1626,2062 1626,2063 1625,2064 1625,2067 1623,2070 1622,2070 1621,2071 1618,2071 1617,2072 1615,2072 1614,2071 1613,2071 1612,2070 1611,2070 1610,2069 1610,2068 1609,2067 1609,2058 1609,2058 1557,2057 1556,2056 1500,2056 1499,2057 1496,2057 1495,2058 1464,2058 1463,2059 1461,2059 1460,2058 1459,2058 1458,2057 1426,2057 1425,2056 1423,2056 1422,2055 1423,2044 1422,2044 1385,2044 1384,2045 1357,2045 1356,2046 1286,2045 1286,2046 1285,2054 1284,2055 1284,2056 1283,2057 1282,2057 1281,2058 1278,2058 1277,2057 1221,2057 1220,2056 1168,2056 1167,2057 1111,2056 1110,2055 1065,2055 1064,2056 992,2056 991,2056 991,2058 990,2059 990,2060 989,2061 989,2062 989,2063 988,2063 986,2064 986,2065 984,2068 983,2068 982,2069 980,2069 979,2068 979,2067 978,2066 978,2056 978,2056 936,2056 935,2057 933,2057 932,2056 853,2055 852,2056 848,2056 847,2057 847,2069 845,2071 841,2071 840,2070 839,2070 838,2069 837,2069 834,2066 779,2066 777,2068 773,2068 772,2067 772,2066 771,2065 771,2057 771,2057 658,2056 657,2057 657,2058 656,2059 656,2060 653,2063 653,2064 653,2064 652,2064 651,2065 648,2065 647,2066 644,2064 644,2057 644,2056 559,2056 558,2055 484,2055 483,2056 482,2056 481,2056 481,2069 481,2070 480,2070 479,2071 478,2071 477,2072"/><TextEquiv index="0"><Unicode>dutifulness (to parents, &amp;c.), piĕtas, rĕvĕrentia.—This is your business,</Unicode></TextEquiv><TextEquiv index="1"><Unicode>dutifulness (to parents, &amp;c.), piĕtas, rĕvĕrentia.—This is your business,</Unicode></TextEquiv></TextLine><TextLine id="l33"><Coords points="393,2133 391,2133 390,2132 389,2132 388,2132 388,2131 387,2130 387,2127 387,2126 194,2125 192,2124 192,2123 191,2122 191,2111 191,2110 169,2110 168,2109 161,2109 160,2108 139,2108 138,2107 129,2107 128,2106 113,2106 112,2105 107,2105 105,2104 105,2103 104,2102 104,2083 103,2082 104,2081 104,2078 105,2077 106,2077 109,2074 159,2074 159,2074 159,2068 160,2067 160,2066 161,2065 162,2065 163,2064 165,2064 166,2065 169,2065 169,2066 169,2069 170,2070 170,2071 171,2071 951,2075 952,2074 953,2074 954,2073 1563,2075 1564,2074 1565,2074 1566,2073 1572,2073 1573,2074 1574,2074 1575,2076 1575,2077 1576,2078 1576,2082 1577,2082 1875,2084 1876,2085 1876,2087 1878,2089 1947,2089 1950,2092 1951,2092 1952,2093 1953,2093 1955,2096 1955,2114 1954,2115 1954,2116 1953,2117 1952,2117 1951,2118 1950,2118 1949,2119 1948,2119 1947,2120 1842,2120 1841,2120 1841,2125 1839,2128 1838,2128 1837,2129 1836,2129 1835,2130 1833,2130 1832,2129 1832,2123 1832,2123 1340,2120 1339,2121 1136,2121 1134,2122 1134,2125 1133,2126 1133,2127 1131,2129 1131,2131 1131,2132 1130,2132 1129,2132 1129,2133 1129,2134 1128,2134 1127,2134 1127,2135 1127,2136 1126,2136 1125,2136 400,2133 399,2134 396,2134 395,2135"/><TextEquiv index="0"><Unicode>and your duty; the state expects this of you. Tuum est hoc munus, tuæ</Unicode></TextEquiv><TextEquiv index="1"><Unicode>and yonr duty; the state expects this of you. Tuum est hoc munus, tuæ</Unicode></TextEquiv></TextLine><TextLine id="l34"><Coords points="753,2198 746,2198 744,2195 744,2187 743,2187 656,2186 655,2185 250,2184 247,2187 246,2187 245,2188 243,2188 242,2189 242,2188 242,2187 240,2186 112,2185 111,2184 106,2184 105,2183 104,2183 103,2182 103,2142 104,2141 104,2140 105,2139 106,2139 107,2138 108,2138 109,2137 170,2137 171,2136 172,2136 173,2135 398,2136 399,2137 980,2140 981,2139 982,2139 983,2138 1200,2139 1201,2138 1234,2138 1235,2137 1623,2139 1624,2138 1904,2139 1905,2138 1909,2138 1910,2139 1911,2139 1911,2139 1911,2140 1912,2141 1912,2142 1913,2143 1913,2151 1914,2152 1945,2152 1946,2153 1947,2153 1948,2154 1949,2154 1950,2155 1951,2155 1952,2156 1953,2156 1954,2158 1954,2159 1955,2160 1955,2161 1956,2162 1956,2166 1955,2167 1955,2168 1954,2169 1954,2178 1953,2179 1953,2180 1952,2180 1951,2180 1950,2181 1947,2181 1946,2182 1945,2182 1944,2183 1919,2183 1918,2184 1593,2183 1592,2184 1592,2186 1591,2187 1591,2189 1590,2190 1589,2190 1589,2190 1589,2191 1588,2192 1587,2192 1585,2194 1582,2193 1581,2192 1581,2187 1580,2186 1058,2184 1057,2185 896,2185 895,2185 759,2185 759,2185 759,2193 758,2194 758,2195 757,2196 757,2197 756,2198 755,2198 754,2199"/><TextEquiv index="0"><Unicode>partes; a te hoc civitas expectat. Cic.—If a war comes, I will not be</Unicode></TextEquiv><TextEquiv index="1"><Unicode>partes; a te hoc civitas expectat. Cic.—If a war comes, I will not be</Unicode></TextEquiv></TextLine><TextLine id="l35"><Coords points="498,2264 498,2263 497,2263 424,2262 423,2261 422,2261 421,2260 421,2259 420,2258 133,2257 133,2257 133,2235 132,2234 122,2234 121,2233 112,2233 111,2232 110,2232 110,2232 110,2231 109,2230 109,2225 108,2224 108,2217 107,2216 107,2214 106,2213 106,2212 105,2211 105,2210 103,2208 103,2206 104,2205 104,2204 104,2203 105,2203 106,2202 109,2202 110,2201 204,2201 205,2201 205,2198 206,2197 206,2196 206,2195 207,2195 208,2195 211,2195 212,2195 212,2196 213,2197 213,2198 213,2199 979,2202 980,2201 998,2201 999,2202 1002,2202 1003,2203 1004,2203 1007,2205 1007,2209 1007,2210 1583,2212 1584,2212 1584,2203 1584,2203 1585,2203 1586,2202 1588,2202 1589,2201 1781,2201 1782,2200 1783,2201 1784,2201 1787,2204 1787,2207 1787,2207 1878,2208 1880,2209 1880,2210 1881,2211 1881,2213 1882,2215 1908,2215 1909,2216 1938,2216 1942,2220 1942,2233 1942,2233 1949,2233 1950,2234 1953,2234 1955,2236 1955,2242 1954,2243 1954,2244 1951,2246 1931,2246 1930,2247 1735,2246 1734,2247 1543,2246 1542,2247 1541,2247 1540,2248 1317,2247 1316,2248 1140,2248 1140,2248 1140,2259 1139,2260 1139,2261 1138,2262 1137,2262 1136,2263 1126,2263 1124,2260 1090,2260 1090,2260 1090,2250 1089,2249 618,2247 617,2248 592,2248 592,2249 592,2253 591,2254 591,2256 589,2258 589,2259 586,2261 585,2261 584,2262 499,2262 499,2262 499,2264 498,2265"/><TextEquiv index="0"><Unicode>wanting in my duty. Sin erit bellum, partes meæ non desiderabuntur.</Unicode></TextEquiv><TextEquiv index="1"><Unicode>vanting in my duty. Sin erit bellum, partes meæ non desiderabuntur.</Unicode></TextEquiv></TextLine><TextLine id="l36"><Coords points="490,2329 489,2328 489,2312 489,2312 405,2311 404,2310 309,2310 308,2310 308,2319 307,2320 307,2321 307,2322 305,2322 304,2321 303,2321 301,2319 301,2318 298,2315 298,2313 297,2312 297,2310 294,2307 294,2305 293,2304 293,2302 292,2301 292,2298 291,2297 291,2295 291,2295 275,2295 274,2294 245,2294 244,2293 231,2293 230,2292 175,2291 174,2292 174,2300 173,2301 173,2302 171,2304 170,2303 167,2303 165,2301 153,2301 152,2300 151,2300 150,2299 113,2299 111,2298 111,2297 104,2290 104,2285 103,2284 103,2279 102,2278 103,2277 102,2276 102,2264 103,2263 103,2262 108,2257 108,2256 110,2253 111,2253 112,2252 118,2252 119,2253 122,2253 124,2255 126,2255 128,2257 140,2257 141,2258 141,2271 141,2271 154,2271 155,2272 156,2272 157,2273 158,2273 161,2276 162,2276 163,2278 163,2282 164,2282 215,2283 216,2284 292,2284 292,2283 292,2280 294,2278 295,2273 296,2272 296,2271 298,2269 298,2268 298,2268 299,2268 304,2263 305,2263 306,2262 308,2264 328,2264 329,2265 334,2265 335,2266 338,2266 339,2267 340,2267 341,2268 342,2268 343,2269 344,2269 345,2270 345,2271 346,2272 346,2273 347,2274 347,2275 349,2277 348,2279 349,2279 361,2279 362,2280 446,2281 446,2280 447,2269 448,2268 448,2267 448,2267 449,2267 450,2266 451,2266 452,2265 499,2265 502,2267 502,2268 502,2269 566,2269 567,2269 567,2268 567,2267 572,2267 577,2272 577,2273 577,2273 632,2273 636,2277 636,2278 638,2280 701,2281 701,2280 702,2269 703,2268 703,2267 704,2266 705,2266 706,2265 712,2265 713,2266 714,2266 716,2267 716,2276 716,2277 717,2277 718,2277 717,2279 718,2280 719,2280 720,2281 804,2281 804,2281 805,2268 805,2267 806,2267 807,2266 809,2266 810,2265 814,2265 815,2266 816,2266 817,2267 881,2267 882,2266 883,2266 884,2265 904,2266 905,2265 952,2265 953,2265 953,2266 954,2267 954,2268 955,2269 955,2276 956,2277 955,2279 956,2280 1062,2280 1062,2280 1063,2269 1064,2267 1065,2267 1066,2266 1072,2266 1075,2269 1075,2273 1076,2274 1076,2277 1077,2278 1077,2279 1077,2280 1077,2281 1078,2281 1143,2282 1143,2281 1144,2269 1145,2268 1146,2268 1147,2267 1148,2267 1149,2266 1150,2267 1151,2267 1152,2268 1216,2268 1217,2267 1238,2267 1239,2268 1240,2268 1241,2269 1241,2270 1242,2271 1241,2281 1242,2281 1308,2281 1310,2280 1310,2275 1312,2272 1314,2272 1316,2274 1316,2277 1316,2277 1317,2277 1318,2278 1318,2279 1319,2280 1388,2281 1389,2280 1413,2280 1414,2279 1414,2267 1415,2266 1415,2265 1415,2265 1420,2265 1421,2264 1422,2265 1455,2265 1457,2266 1457,2272 1457,2273 1520,2273 1521,2274 1522,2274 1524,2276 1524,2277 1524,2277 1525,2277 1528,2280 1596,2281 1597,2280 1598,2280 1599,2279 1617,2279 1618,2278 1618,2276 1619,2275 1619,2272 1620,2271 1620,2269 1624,2265 1625,2265 1626,2264 1698,2264 1700,2266 1700,2267 1701,2268 1701,2278 1702,2279 1781,2279 1782,2279 1782,2266 1782,2265 1783,2265 1784,2264 1804,2264 1805,2265 1810,2265 1811,2266 1812,2266 1814,2269 1816,2269 1817,2269 1817,2270 1819,2272 1819,2274 1820,2275 1820,2277 1820,2278 1871,2278 1872,2279 1915,2279 1916,2280 1947,2280 1948,2281 1949,2281 1949,2282 1951,2284 1951,2285 1952,2286 1952,2289 1953,2290 1953,2303 1954,2304 1954,2305 1955,2306 1954,2307 1954,2308 1954,2308 1936,2308 1935,2309 1798,2308 1797,2309 1738,2309 1737,2310 1617,2310 1616,2309 1550,2308 1549,2309 1546,2309 1545,2310 1459,2310 1458,2310 1458,2313 1457,2314 1457,2315 1456,2316 1456,2317 1455,2318 1455,2319 1454,2320 1454,2321 1454,2322 1453,2322 1451,2324 1449,2324 1448,2325 1446,2325 1445,2324 1444,2324 1441,2321 1441,2311 1441,2311 1371,2311 1370,2312 1264,2311 1263,2312 1163,2312 1162,2313 1158,2313 1157,2312 1156,2312 1155,2311 1150,2311 1149,2310 1116,2309 1078,2309 1076,2311 850,2310 849,2311 658,2310 657,2311 656,2310 582,2310 581,2311 581,2312 580,2313 580,2314 577,2317 577,2318 576,2319 576,2320 576,2320 560,2320 558,2322 558,2323 555,2326 551,2326 550,2327 544,2327 543,2326 542,2326 541,2325 540,2325 539,2324 538,2324 537,2323 537,2322 536,2321 536,2320 535,2319 535,2312 535,2312 496,2312 495,2312 495,2328 495,2329"/><TextEquiv index="0"><Unicode>Cic.—(Promising) to be dutiful and obedient subjects of the Roman</Unicode></TextEquiv><TextEquiv index="1"><Unicode>Cic.—(Promising) to be dutiful and obedient subjects of the Roman</Unicode></TextEquiv></TextLine><TextLine id="l37"><Coords points="710,2391 555,2390 554,2389 552,2389 550,2387 550,2386 550,2386 139,2384 138,2383 103,2383 102,2383 102,2373 101,2372 101,2332 103,2330 104,2330 105,2329 188,2329 188,2329 188,2322 189,2321 197,2321 197,2322 197,2323 198,2324 198,2325 199,2325 311,2326 312,2327 313,2327 314,2328 818,2330 819,2329 904,2330 905,2329 1511,2331 1514,2328 1517,2328 1518,2327 1585,2328 1586,2327 1588,2327 1589,2326 1590,2327 1611,2327 1612,2328 1789,2328 1790,2329 1791,2329 1791,2330 1791,2331 1792,2332 1792,2335 1793,2335 1830,2336 1830,2336 1830,2337 1831,2338 1831,2340 1832,2341 1929,2341 1930,2342 1935,2342 1936,2343 1937,2343 1939,2346 1939,2355 1940,2356 1940,2359 1941,2360 1941,2362 1942,2362 1951,2362 1952,2363 1953,2363 1953,2364 1953,2365 1954,2366 1954,2367 1955,2368 1955,2370 1952,2373 1950,2373 1949,2374 1728,2373 1727,2374 1584,2374 1583,2374 1406,2374 1405,2374 1405,2387 1405,2388 1391,2388 1388,2385 1388,2378 1388,2378 898,2376 897,2377 772,2376 771,2376 771,2387 770,2389 769,2389 768,2390 714,2390 713,2391 712,2391 711,2392"/><TextEquiv index="0"><Unicode>people. Se sub imperio populi Romani fideliter atque obedienter futuros.</Unicode></TextEquiv><TextEquiv index="1"><Unicode>peple. Se sub imperio populi Romani fideliter atque obedienter futuros.</Unicode></TextEquiv></TextLine><TextLine id="l38"><Coords points="666,2456 666,2455 665,2454 392,2453 391,2452 388,2452 386,2450 386,2449 385,2448 385,2447 384,2446 384,2440 383,2439 372,2439 371,2438 340,2438 339,2437 338,2437 337,2436 288,2436 287,2435 173,2434 171,2432 171,2431 170,2430 170,2428 169,2427 114,2427 113,2426 102,2426 101,2425 100,2425 99,2424 98,2424 98,2424 98,2421 100,2418 101,2418 102,2418 102,2384 103,2383 138,2383 139,2384 143,2384 144,2386 144,2387 145,2387 257,2388 258,2389 281,2389 282,2390 283,2390 284,2391 348,2391 349,2392 981,2395 982,2394 983,2394 985,2393 988,2393 989,2392 1328,2393 1329,2392 1441,2393 1442,2392 1492,2392 1493,2391 1603,2392 1604,2391 1860,2392 1861,2391 1867,2391 1867,2391 1867,2392 1868,2393 1868,2394 1869,2395 1869,2399 1869,2400 1918,2400 1920,2401 1920,2402 1921,2404 1922,2404 1924,2406 1944,2406 1945,2407 1946,2407 1947,2408 1948,2408 1949,2409 1950,2409 1951,2410 1951,2411 1951,2411 1952,2411 1953,2412 1953,2414 1954,2415 1954,2416 1956,2418 1956,2424 1955,2425 1955,2426 1953,2428 1953,2429 1950,2431 1949,2431 1948,2432 1947,2432 1946,2433 1945,2433 1944,2434 1924,2434 1922,2436 1835,2436 1834,2437 1734,2436 1733,2437 1567,2436 1566,2437 1495,2437 1494,2438 1356,2438 1355,2439 1313,2438 1313,2439 1313,2452 1312,2452 1311,2452 1310,2453 1307,2453 1306,2454 667,2452 667,2452 667,2456 666,2457"/><TextEquiv index="0"><Unicode>Liv. Having sent letters to say that the people of Funda adhered to</Unicode></TextEquiv><TextEquiv index="1"><Unicode>Liv. Having sent letters to say that the people of Funda adhered to</Unicode></TextEquiv></TextLine><TextLine id="l39"><Coords points="299,2516 298,2515 297,2515 295,2513 295,2512 294,2511 295,2499 294,2499 267,2499 266,2498 240,2498 239,2497 226,2497 225,2496 176,2495 175,2494 174,2494 173,2493 145,2493 144,2492 143,2492 142,2491 124,2491 123,2490 118,2490 116,2488 104,2488 100,2484 100,2467 98,2465 98,2464 97,2463 97,2460 100,2457 100,2456 101,2455 101,2454 102,2452 103,2452 104,2451 113,2451 114,2451 114,2446 116,2443 118,2443 119,2444 120,2444 122,2446 122,2447 123,2448 164,2448 165,2449 166,2449 168,2451 236,2452 237,2453 238,2453 239,2454 240,2454 241,2455 668,2457 669,2456 827,2456 828,2455 1500,2458 1501,2457 1502,2457 1503,2456 1512,2456 1513,2455 1731,2456 1732,2455 1761,2455 1762,2454 1931,2455 1932,2455 1932,2454 1932,2453 1950,2453 1953,2456 1953,2498 1952,2498 1951,2498 1950,2499 1947,2499 1946,2500 1775,2499 1774,2500 1773,2500 1772,2501 1593,2501 1592,2502 1534,2501 1533,2502 1425,2502 1424,2503 1385,2503 1384,2504 1183,2503 1182,2504 1111,2503 1110,2504 622,2502 621,2503 440,2503 439,2504 312,2503 312,2503 311,2507 310,2508 310,2509 309,2510 309,2511 309,2512 308,2512 305,2515 304,2515 303,2516"/><TextEquiv index="0"><Unicode>their duty. Literis missis Fundanos in officio esse. Liv.—When I</Unicode></TextEquiv><TextEquiv index="1"><Unicode>their duty. Literis missis Fundanos in officio esse. Liv.—When I</Unicode></TextEquiv></TextLine><TextLine id="l40"><Coords points="387,2581 386,2580 381,2580 378,2578 378,2577 377,2576 377,2566 377,2565 335,2565 334,2564 299,2564 298,2563 297,2563 296,2562 247,2562 246,2561 229,2561 228,2560 181,2559 180,2558 178,2558 176,2556 157,2556 156,2555 113,2555 112,2554 111,2554 110,2553 103,2553 102,2552 100,2552 98,2551 98,2509 97,2508 99,2506 102,2506 103,2505 104,2506 105,2506 106,2507 107,2507 107,2508 107,2509 108,2510 108,2511 109,2512 109,2513 110,2513 227,2514 228,2515 229,2515 231,2517 1419,2522 1421,2520 1428,2520 1429,2519 1718,2520 1719,2519 1722,2519 1723,2518 1726,2518 1727,2517 1922,2518 1923,2517 1924,2518 1926,2518 1927,2520 1927,2541 1928,2541 1949,2541 1951,2544 1951,2545 1952,2546 1952,2552 1952,2552 1951,2552 1950,2553 1932,2553 1931,2554 1931,2560 1930,2561 1930,2562 1930,2562 1926,2562 1925,2563 1811,2562 1810,2563 1788,2563 1787,2564 1683,2564 1682,2565 1584,2565 1583,2566 1518,2565 1517,2566 1431,2566 1430,2567 1339,2566 1337,2568 828,2566 827,2567 824,2567 823,2568 823,2579 822,2580 822,2581 822,2581 820,2581 819,2582 530,2581 529,2582"/><TextEquiv index="0"><Unicode>have done my duty to the republic with firmness. Cum meam fidem rei-</Unicode></TextEquiv><TextEquiv index="1"><Unicode>have done my duty to the republic with firmness. Cum meam fidem rei-</Unicode></TextEquiv></TextLine><TextLine id="l41"><Coords points="590,2645 589,2644 584,2644 583,2643 580,2643 580,2643 580,2633 579,2632 109,2630 109,2631 109,2638 108,2638 106,2638 106,2638 106,2635 105,2634 98,2634 97,2633 96,2633 95,2632 95,2632 95,2631 94,2630 94,2626 95,2625 95,2623 96,2622 96,2588 99,2585 145,2585 145,2585 145,2580 146,2579 146,2576 147,2575 175,2575 176,2576 177,2576 178,2577 191,2577 193,2580 193,2582 194,2582 1014,2586 1015,2585 1020,2585 1021,2584 1238,2585 1239,2584 1400,2585 1401,2584 1402,2584 1403,2583 1572,2583 1573,2582 1850,2584 1853,2581 1861,2581 1861,2581 1861,2582 1862,2583 1862,2584 1863,2585 1863,2589 1864,2590 1910,2590 1911,2591 1912,2591 1913,2592 1913,2593 1914,2594 1914,2595 1915,2596 1952,2596 1953,2597 1954,2597 1954,2598 1954,2602 1953,2603 1953,2604 1953,2604 1952,2604 1951,2605 1947,2609 1947,2610 1945,2612 1945,2614 1944,2615 1944,2620 1943,2621 1943,2622 1942,2623 1942,2626 1940,2628 1940,2630 1939,2631 1939,2634 1938,2635 1938,2636 1937,2637 1937,2638 1936,2639 1936,2640 1934,2641 1932,2641 1931,2642 1926,2642 1926,2641 1926,2640 1924,2638 1924,2636 1923,2635 1923,2631 1922,2631 1459,2629 1458,2630 1365,2630 1364,2631 1312,2630 1311,2631 1235,2631 1234,2632 1025,2631 1024,2632 1023,2632 1022,2633 1021,2633 1020,2634 691,2633 691,2633 691,2641 688,2644 687,2644 686,2645 683,2645 682,2646"/><TextEquiv index="0"><Unicode>publicæ constantiamque præstitero. Cic.—Julius Martialis was on duty</Unicode></TextEquiv><TextEquiv index="1"><Unicode>publicæ constantiamque præstitero. Cic.—Julius Martialis was on duty</Unicode></TextEquiv></TextLine><TextLine id="l42"><Coords points="365,2708 358,2708 358,2708 358,2705 356,2703 129,2702 129,2702 129,2683 128,2682 110,2682 109,2681 107,2681 106,2680 98,2680 97,2679 96,2679 94,2677 94,2676 93,2675 93,2672 93,2670 94,2669 94,2655 96,2653 96,2652 96,2651 98,2651 99,2650 103,2650 104,2649 119,2649 120,2649 120,2648 120,2647 121,2647 122,2646 177,2646 178,2646 178,2644 178,2643 179,2643 180,2642 181,2642 182,2641 184,2641 187,2644 187,2646 187,2646 787,2649 788,2648 789,2648 790,2647 796,2647 797,2648 1267,2650 1268,2649 1422,2650 1423,2649 1545,2649 1546,2649 1546,2648 1546,2647 1549,2647 1550,2646 1731,2647 1732,2646 1857,2647 1858,2646 1859,2646 1860,2645 1924,2645 1925,2645 1925,2646 1926,2647 1926,2648 1927,2650 1927,2661 1927,2661 1950,2661 1953,2664 1953,2665 1954,2666 1954,2679 1955,2680 1955,2682 1954,2683 1954,2686 1953,2687 1953,2688 1950,2690 1949,2690 1948,2691 1947,2691 1946,2692 1809,2691 1808,2692 1805,2692 1804,2693 1627,2693 1626,2694 1585,2694 1584,2695 1473,2694 1472,2695 1392,2695 1392,2695 1392,2703 1391,2704 1391,2705 1390,2706 1390,2707 1388,2709 1383,2709 1382,2710 1381,2710 1380,2711 1372,2711 1371,2710 1370,2710 1369,2709 1368,2709 1367,2708 1366,2708 1366,2707 1366,2706 1365,2705 1365,2704 1364,2703 1364,2698 1363,2698 799,2695 798,2696 589,2695 588,2696 371,2695 371,2696 371,2706 370,2707 370,2708 369,2708 367,2708 366,2709"/><TextEquiv index="0"><Unicode>at the camp as tribune. Stationem in castris agebat Julius Martialis</Unicode></TextEquiv><TextEquiv index="1"><Unicode>at the camp as tribune. Stationem in castris agebat Julius Martialis</Unicode></TextEquiv></TextLine><TextLine id="l43"><Coords points="96,2763 95,2763 96,2723 95,2722 94,2722 94,2722 94,2720 93,2719 93,2716 94,2715 94,2714 95,2713 95,2712 96,2711 96,2710 98,2707 127,2707 128,2707 128,2704 129,2702 135,2702 137,2704 147,2704 150,2707 150,2710 150,2710 356,2711 357,2712 378,2712 379,2713 382,2713 383,2714 383,2715 384,2716 384,2717 385,2718 385,2726 385,2726 398,2726 399,2727 430,2727 431,2728 432,2728 433,2729 434,2729 437,2732 437,2734 439,2736 438,2746 439,2747 447,2747 448,2748 449,2748 451,2750 451,2756 449,2759 448,2759 447,2760 444,2760 443,2761 107,2759 106,2760 106,2763 106,2763"/><TextEquiv index="0"><Unicode>tibunus. Tac.</Unicode></TextEquiv><TextEquiv index="1"><Unicode>tibunus. Tac.</Unicode></TextEquiv></TextLine><TextLine id="l44"><Coords points="861,2840 860,2839 643,2838 642,2837 640,2837 639,2836 638,2836 633,2832 633,2831 632,2830 632,2827 632,2826 193,2824 191,2826 168,2826 167,2827 166,2827 165,2828 161,2828 160,2827 159,2827 157,2826 156,2825 156,2824 155,2823 155,2821 154,2820 154,2815 154,2814 143,2814 141,2812 119,2812 118,2811 115,2811 114,2810 103,2810 102,2809 91,2809 90,2808 89,2808 88,2807 59,2807 58,2806 51,2806 50,2805 49,2805 48,2804 46,2802 46,2801 45,2800 45,2794 46,2793 46,2792 47,2791 47,2777 48,2776 48,2775 49,2774 49,2773 52,2771 53,2771 54,2770 58,2770 59,2769 93,2769 93,2769 93,2766 94,2765 94,2764 95,2763 107,2763 107,2764 107,2770 108,2770 149,2770 150,2772 150,2773 151,2773 690,2776 691,2775 788,2775 789,2774 1118,2775 1119,2774 1120,2774 1121,2773 1122,2774 1123,2774 1124,2776 1133,2776 1134,2777 1134,2778 1135,2779 1135,2781 1136,2782 1176,2782 1177,2783 1199,2783 1199,2783 1199,2784 1200,2785 1200,2788 1201,2789 1269,2789 1270,2790 1273,2790 1274,2791 1276,2791 1276,2792 1276,2793 1277,2794 1277,2795 1278,2796 1278,2807 1279,2808 1279,2810 1280,2810 1293,2810 1294,2811 1295,2811 1295,2812 1295,2813 1296,2814 1296,2815 1297,2816 1296,2817 1296,2820 1294,2822 1292,2822 1291,2823 1022,2822 1021,2823 1021,2824 1020,2825 1020,2826 1019,2827 1019,2828 1019,2828 1018,2828 1016,2830 868,2829 867,2830 867,2840 867,2840"/><TextEquiv index="0"><Unicode>a duty, i e. a tax. Vectīgal -ālis, neut.; trĭbūtum.</Unicode></TextEquiv><TextEquiv index="1"><Unicode>s duty, i e. a tax. Vectīgal -ālis, neut.; trĭbūtum.</Unicode></TextEquiv></TextLine><TextLine id="l45"><Coords points="548,2902 547,2901 546,2901 545,2900 484,2900 483,2899 482,2899 482,2898 482,2889 481,2889 416,2888 415,2887 370,2887 369,2886 318,2886 316,2883 316,2882 315,2882 237,2882 236,2881 198,2880 197,2879 150,2879 149,2878 135,2878 132,2875 115,2875 114,2874 106,2874 105,2873 104,2873 101,2870 60,2870 59,2869 56,2869 55,2868 48,2868 47,2867 46,2867 44,2864 44,2863 43,2862 43,2846 42,2845 42,2841 43,2840 43,2839 45,2838 46,2838 47,2837 48,2837 49,2836 50,2836 51,2835 106,2835 106,2835 106,2830 107,2829 108,2829 110,2827 117,2827 118,2828 119,2828 120,2830 120,2833 121,2833 231,2834 232,2835 233,2835 234,2836 235,2836 237,2838 668,2840 669,2839 699,2839 700,2840 1408,2843 1408,2842 1408,2840 1409,2840 1423,2840 1425,2838 1426,2838 1427,2837 1785,2838 1786,2837 1842,2838 1843,2837 1859,2837 1860,2838 1873,2838 1874,2839 1874,2840 1875,2841 1875,2851 1876,2852 1903,2852 1904,2853 1929,2853 1929,2854 1929,2855 1930,2856 1930,2857 1931,2858 1931,2869 1932,2870 1932,2872 1932,2872 1946,2872 1947,2873 1948,2873 1949,2874 1950,2874 1952,2876 1952,2877 1953,2878 1953,2880 1952,2881 1952,2882 1951,2883 1951,2884 1949,2885 1947,2885 1946,2886 1750,2885 1750,2886 1750,2896 1749,2897 1749,2898 1747,2899 1537,2898 1537,2899 1537,2900 1536,2900 1535,2900 1534,2901 1317,2900 1317,2901 1317,2902 1316,2902 1311,2902 1310,2903 1304,2903 1303,2902 1108,2901 1107,2900 1106,2900 1104,2898 1078,2898 1077,2897 562,2895 562,2896 562,2900 560,2901 553,2901 552,2902"/><TextEquiv index="0"><Unicode>a dwarf. Nānus, pūmĭlio -onis, masc., fem.; pūmĭlo (Stat.), pŭmĭlus.</Unicode></TextEquiv><TextEquiv index="1"><Unicode>a dwarf. Nānus, masc., fem.; pūmĭlo (Stat.), pŭmĭlus.</Unicode></TextEquiv></TextLine><TextLine id="l46"><Coords points="92,2892 189,2892 189,2945 92,2945"/><TextEquiv index="0"><Unicode>Stat.</Unicode></TextEquiv><TextEquiv index="1"><Unicode>Stat.</Unicode></TextEquiv></TextLine><TextLine id="l47"><Coords points="542,3026 541,3026 540,3025 540,3024 539,3023 539,3017 539,3017 327,3016 326,3015 323,3015 322,3014 319,3014 318,3013 317,3013 315,3011 237,3011 236,3010 194,3009 193,3008 181,3008 180,3007 173,3007 172,3006 135,3006 134,3006 134,3005 134,3004 115,3004 114,3003 112,3003 111,3002 103,3002 102,3001 101,3001 100,3000 67,3000 66,2999 51,2999 50,2998 49,2998 48,2997 47,2997 45,2995 45,2994 44,2993 44,2969 42,2967 43,2963 44,2962 44,2961 45,2960 45,2959 50,2954 114,2954 115,2955 116,2955 117,2956 118,2956 120,2958 120,2961 120,2961 236,2962 240,2966 757,2968 758,2967 897,2968 898,2967 903,2967 904,2968 905,2968 905,2968 905,2969 906,2970 906,2971 907,2972 907,3002 908,3003 929,3003 931,3005 931,3011 930,3012 930,3013 930,3014 929,3015 928,3015 927,3016 868,3015 867,3016 867,3017 866,3018 866,3020 861,3025 859,3025 858,3026 547,3025 546,3026 544,3026 543,3027"/><TextEquiv index="0"><Unicode>to dwarf. Contraho, 3; extĕnuo, 1.</Unicode></TextEquiv><TextEquiv index="1"><Unicode>to dwarf. Contraho, 3; extĕnuo, 1.</Unicode></TextEquiv></TextLine><TextLine id="l48"><Coords points="600,3095 599,3094 522,3094 522,3093 522,3087 521,3087 485,3087 484,3085 484,3082 483,3082 46,3080 46,3079 46,3060 46,3060 45,3060 40,3055 40,3054 39,3053 39,3052 38,3051 38,3039 39,3038 39,3034 40,3033 40,3031 45,3026 45,3019 46,3018 46,3016 49,3014 55,3014 56,3015 57,3015 59,3017 59,3022 60,3023 167,3023 168,3024 170,3024 171,3025 213,3026 214,3027 214,3029 215,3030 888,3032 889,3031 1021,3032 1022,3031 1078,3031 1079,3030 1266,3031 1267,3030 1284,3030 1285,3029 1287,3029 1288,3030 1331,3030 1332,3032 1332,3037 1333,3038 1333,3044 1334,3044 1349,3044 1350,3045 1355,3046 1356,3047 1356,3048 1357,3049 1357,3063 1358,3064 1367,3064 1368,3065 1370,3065 1372,3067 1372,3068 1373,3069 1373,3073 1372,3074 1372,3076 1369,3080 1368,3080 1367,3081 1190,3080 1188,3081 1188,3082 1184,3086 1183,3086 1182,3087 1181,3087 1180,3088 1004,3087 1004,3087 1004,3089 1003,3090 1003,3091 1002,3092 999,3092 998,3093 995,3093 994,3094 838,3093 837,3094 605,3093 605,3094 605,3095 604,3095"/><TextEquiv index="0"><Unicode>dwarish. Parvus, exĭguus, parvŭlus, pŭsillus, brĕvis.</Unicode></TextEquiv><TextEquiv index="1"><Unicode>dvarlsh. Parvus, exĭguus, parvŭlus, pŭsillus, brĕvis.</Unicode></TextEquiv></TextLine><TextLine id="l49"><Coords points="541,3158 532,3158 531,3157 530,3157 529,3156 528,3156 527,3155 526,3155 525,3153 525,3152 524,3151 524,3145 523,3145 334,3144 333,3143 331,3143 330,3142 328,3142 327,3141 303,3141 302,3140 276,3140 275,3139 240,3139 239,3138 236,3138 235,3137 206,3137 205,3135 188,3135 187,3134 134,3134 133,3133 128,3133 127,3132 118,3132 117,3131 116,3131 115,3130 114,3130 113,3129 105,3129 104,3128 76,3128 75,3127 74,3127 73,3126 72,3126 70,3124 46,3124 45,3123 44,3123 43,3122 42,3122 42,3121 42,3119 41,3118 41,3116 40,3115 40,3114 39,3113 39,3110 38,3109 38,3101 39,3100 39,3099 40,3098 40,3095 41,3094 41,3093 42,3092 43,3092 44,3091 45,3091 46,3090 46,3080 46,3080 57,3080 59,3081 59,3086 59,3087 162,3087 163,3088 170,3088 171,3089 212,3090 214,3091 214,3095 214,3096 501,3097 503,3095 519,3095 520,3094 834,3095 835,3094 838,3094 839,3095 839,3096 840,3097 840,3105 840,3105 852,3105 853,3106 853,3110 853,3110 898,3111 899,3112 904,3112 905,3113 906,3113 907,3113 907,3115 908,3116 908,3128 909,3129 909,3131 909,3132 918,3132 919,3133 920,3133 921,3133 921,3134 922,3135 922,3136 923,3137 922,3138 922,3141 919,3144 895,3144 894,3145 688,3144 688,3144 688,3147 687,3148 687,3149 680,3156 547,3155 544,3158 543,3158 542,3159"/><TextEquiv index="0"><Unicode>dwarfishness. Exĭguĭtas, brĕvĭtas.</Unicode></TextEquiv><TextEquiv index="1"><Unicode>dvarfishness. Exĭguĭtas, brĕvĭtas.</Unicode></TextEquiv></TextLine><TextLine id="l50"><Coords points="467,3221 464,3218 464,3209 464,3209 375,3208 374,3207 373,3207 372,3206 313,3206 312,3205 287,3205 286,3204 281,3204 280,3203 207,3203 206,3201 199,3201 198,3200 163,3200 162,3199 161,3199 160,3198 137,3198 136,3197 123,3197 122,3196 101,3196 100,3195 93,3195 92,3194 90,3194 89,3193 61,3193 60,3192 59,3192 57,3190 42,3190 41,3189 40,3189 39,3188 38,3188 37,3186 37,3162 34,3159 34,3155 35,3154 35,3153 42,3146 42,3145 44,3143 47,3146 106,3146 110,3150 110,3152 110,3152 188,3152 189,3153 206,3153 207,3155 210,3155 211,3155 211,3157 211,3158 297,3158 298,3159 806,3161 807,3160 885,3160 886,3159 887,3159 888,3158 1142,3160 1145,3157 1149,3157 1150,3156 1633,3158 1634,3157 1635,3157 1636,3156 1776,3156 1777,3155 1778,3155 1779,3154 1910,3155 1911,3154 1915,3154 1916,3155 1918,3155 1919,3156 1920,3156 1921,3156 1921,3163 1922,3164 1922,3174 1922,3175 1950,3175 1954,3179 1954,3195 1955,3196 1954,3205 1953,3206 1953,3207 1950,3210 1949,3210 1948,3211 1946,3211 1945,3212 1862,3212 1861,3213 1670,3212 1669,3213 1668,3213 1667,3214 1433,3213 1431,3215 1430,3215 1429,3216 1302,3215 1301,3216 1301,3218 1299,3220 1294,3220 1293,3221 1288,3221 1287,3220 1286,3220 1284,3219 1284,3217 1283,3216 1283,3210 1283,3209 774,3207 772,3208 772,3209 771,3210 771,3211 767,3216 766,3216 765,3217 551,3216 549,3218 474,3218 472,3220 471,3220 470,3221"/><TextEquiv index="0"><Unicode>to dwell. Hăbĭto, 1; cŏlo, 3; both c. acc. of the place; vīvo, 3; mŏror, 1;</Unicode></TextEquiv><TextEquiv index="1"><Unicode>todwell. Hăbĭto, 1; cŏlo, 3; both c. acc. of the place; vīvo, 3; mŏror, 1;</Unicode></TextEquiv></TextLine><TextLine id="l51"><Coords points="1009,3287 1008,3287 1008,3284 1008,3283 971,3283 970,3282 969,3282 968,3281 968,3272 968,3272 508,3270 507,3271 420,3270 419,3271 330,3271 329,3272 329,3274 328,3275 328,3276 323,3281 106,3280 104,3279 104,3260 104,3259 93,3259 92,3258 88,3258 83,3253 83,3252 82,3251 82,3250 81,3249 81,3238 82,3237 82,3235 84,3233 84,3231 85,3231 86,3231 86,3230 86,3229 89,3227 90,3227 91,3226 389,3227 391,3225 594,3226 595,3225 596,3225 597,3224 784,3225 785,3224 828,3224 829,3223 1022,3224 1023,3223 1116,3223 1117,3222 1118,3222 1119,3221 1427,3223 1429,3221 1602,3222 1602,3221 1602,3219 1603,3219 1604,3219 1605,3218 1612,3218 1613,3219 1614,3219 1614,3219 1614,3231 1615,3232 1891,3233 1892,3234 1924,3234 1929,3240 1929,3246 1930,3246 1949,3246 1952,3250 1952,3252 1951,3253 1951,3254 1951,3254 1950,3254 1949,3255 1934,3255 1933,3256 1933,3262 1932,3263 1932,3264 1931,3265 1714,3264 1713,3265 1713,3266 1713,3266 1542,3265 1541,3266 1524,3266 1523,3267 1454,3267 1453,3268 1356,3268 1355,3268 1355,3269 1355,3270 1074,3268 1073,3269 1028,3269 1027,3270 1012,3270 1011,3271 1011,3287 1011,3287"/><TextEquiv index="0"><Unicode>commoror; all c. abl.—We require him to dwell in the same sen-</Unicode></TextEquiv><TextEquiv index="1"><Unicode>commoror; all c. abl.—We require him to dwell in the same sen-</Unicode></TextEquiv></TextLine><TextLine id="l52"><Coords points="376,3350 375,3349 374,3349 373,3348 373,3335 372,3334 332,3334 331,3333 300,3333 298,3331 224,3331 223,3330 222,3330 221,3329 178,3328 177,3327 160,3327 159,3326 158,3326 157,3325 140,3325 139,3324 128,3324 127,3323 115,3323 114,3322 101,3322 100,3321 88,3321 87,3319 87,3318 86,3317 86,3316 85,3315 85,3299 81,3295 81,3291 83,3290 84,3290 84,3289 85,3288 85,3287 87,3286 88,3286 89,3285 101,3285 101,3285 101,3282 104,3279 105,3279 106,3280 109,3280 109,3281 110,3282 110,3286 111,3286 686,3289 688,3287 689,3287 690,3286 1047,3287 1049,3290 1049,3291 1050,3291 1640,3294 1643,3291 1644,3291 1645,3290 1646,3290 1647,3289 1735,3289 1735,3289 1735,3288 1736,3287 1736,3284 1737,3283 1738,3283 1739,3282 1762,3282 1763,3281 1880,3282 1881,3283 1909,3283 1911,3285 1911,3297 1912,3298 1932,3298 1933,3299 1934,3299 1936,3301 1937,3301 1937,3302 1937,3303 1938,3304 1938,3317 1938,3317 1946,3317 1947,3318 1948,3318 1949,3319 1950,3319 1951,3320 1951,3321 1952,3322 1952,3326 1951,3327 1951,3328 1950,3328 1949,3328 1948,3329 1945,3329 1944,3330 1882,3330 1881,3331 1880,3330 1526,3328 1524,3330 1475,3330 1475,3331 1475,3342 1474,3342 1473,3342 1472,3343 1460,3343 1459,3342 1458,3342 1458,3341 1458,3335 1457,3335 897,3333 897,3333 897,3334 896,3335 846,3334 845,3335 646,3334 645,3335 561,3335 560,3336 389,3335 389,3336 389,3346 388,3347 388,3348 386,3349 385,3349 384,3350"/><TextEquiv index="0"><Unicode>timent. Expetimus ut hæreat in eâdem commoreturque sententiâ. Cic.</Unicode></TextEquiv><TextEquiv index="1"><Unicode>timent. Expetimus ut hæreat in eâdem commoreturque sententiâ. Cic.</Unicode></TextEquiv></TextLine><TextLine id="l53"><Coords points="761,3415 761,3403 760,3403 420,3401 419,3400 416,3400 415,3399 342,3399 341,3398 302,3398 301,3397 300,3397 299,3396 192,3395 191,3394 190,3394 188,3392 188,3383 187,3382 178,3382 177,3381 172,3381 171,3380 148,3380 147,3379 135,3379 134,3378 120,3378 119,3377 112,3377 111,3376 98,3376 97,3375 84,3375 83,3374 80,3374 79,3373 78,3373 77,3371 77,3370 76,3369 76,3367 76,3367 77,3367 78,3366 78,3365 78,3365 79,3365 80,3364 191,3364 192,3364 192,3350 194,3347 213,3348 214,3347 215,3348 222,3348 224,3350 695,3352 696,3351 1005,3352 1006,3351 1179,3352 1180,3351 1181,3351 1182,3350 1211,3350 1212,3349 1436,3350 1437,3349 1438,3349 1439,3348 1613,3349 1614,3348 1614,3347 1615,3346 1783,3346 1784,3345 1788,3345 1789,3346 1914,3347 1915,3348 1916,3348 1917,3348 1917,3349 1919,3351 1919,3361 1919,3362 1944,3362 1945,3363 1946,3363 1951,3368 1951,3383 1952,3384 1952,3385 1953,3386 1953,3387 1954,3388 1954,3390 1953,3391 1953,3392 1952,3392 1949,3392 1948,3393 1915,3393 1914,3394 1789,3393 1788,3394 1492,3393 1491,3394 1490,3394 1489,3395 1365,3395 1364,3396 1363,3396 1362,3397 1319,3396 1318,3397 1215,3397 1214,3398 1143,3398 1143,3398 1143,3399 1142,3400 1142,3404 1141,3405 1141,3408 1139,3410 1139,3411 1137,3413 1137,3415 1136,3416 762,3414 762,3414 762,3415 761,3416"/><TextEquiv index="0"><Unicode>—For he dwells on the praises of magnificence. Est enim multus in</Unicode></TextEquiv><TextEquiv index="1"><Unicode>—For he dwells on the praises of magnificence. Est enim multus in</Unicode></TextEquiv></TextLine><TextLine id="l54"><Coords points="381,3476 376,3472 376,3463 376,3462 305,3462 304,3461 260,3461 259,3460 231,3460 230,3459 187,3458 186,3457 184,3457 183,3456 171,3456 170,3455 161,3455 160,3454 133,3454 132,3453 125,3453 124,3452 121,3452 120,3451 85,3451 84,3450 82,3450 80,3448 79,3448 78,3447 79,3412 76,3409 76,3405 78,3403 79,3403 80,3402 82,3402 83,3403 84,3403 87,3405 87,3406 88,3407 88,3409 88,3410 154,3410 155,3411 159,3411 161,3413 733,3416 734,3415 738,3415 739,3416 763,3416 765,3417 765,3418 766,3419 766,3422 767,3423 766,3430 767,3431 783,3431 784,3432 788,3432 789,3433 790,3433 792,3436 792,3451 793,3451 803,3451 804,3452 805,3452 806,3454 806,3461 805,3462 804,3462 803,3463 802,3463 801,3464 648,3463 647,3464 406,3463 405,3464 405,3466 404,3467 404,3468 403,3469 403,3472 402,3473 402,3474 401,3475 400,3475 399,3476"/><TextEquiv index="0"><Unicode>laudandâ magnificentiâ. Cic.</Unicode></TextEquiv><TextEquiv index="1"><Unicode>hudandâ magniicentiâ. Cic.</Unicode></TextEquiv></TextLine><TextLine id="l55"><Coords points="580,3541 579,3540 579,3539 578,3538 578,3529 578,3528 333,3527 332,3526 329,3526 328,3525 327,3525 326,3524 255,3524 254,3523 206,3523 205,3521 204,3521 203,3520 185,3520 184,3519 145,3519 144,3518 143,3518 142,3517 117,3517 116,3516 115,3516 114,3515 104,3515 103,3514 85,3514 84,3513 77,3513 76,3512 73,3512 72,3511 71,3511 69,3509 45,3509 44,3508 35,3508 34,3507 31,3507 29,3505 29,3504 28,3503 28,3479 29,3478 29,3477 30,3476 30,3475 31,3475 33,3475 34,3474 73,3474 73,3473 73,3469 75,3468 76,3468 77,3467 78,3467 79,3466 81,3466 82,3467 85,3467 87,3469 87,3470 88,3471 88,3472 89,3473 187,3473 189,3475 397,3476 398,3477 988,3480 989,3479 990,3479 991,3478 997,3478 998,3479 1001,3479 1003,3481 1003,3482 1004,3483 1004,3493 1005,3494 1049,3494 1050,3495 1051,3495 1051,3496 1051,3497 1054,3500 1054,3511 1055,3512 1055,3513 1056,3513 1067,3513 1068,3514 1069,3514 1070,3516 1070,3517 1071,3518 1071,3522 1070,3523 1070,3524 1069,3525 1068,3525 1067,3526 977,3526 976,3526 976,3527 974,3529 974,3531 971,3534 971,3535 969,3538 968,3538 967,3539 964,3539 962,3540 766,3539 764,3540 585,3539 584,3540 583,3540 582,3541"/><TextEquiv index="0"><Unicode>a dweller. Hăbĭtator, incŏla, masc., fem.</Unicode></TextEquiv><TextEquiv index="1"><Unicode>a dweller. Hăbĭtator, incŏla, masc., fem.</Unicode></TextEquiv></TextLine><TextLine id="l56"><Coords points="260,3604 259,3603 257,3603 256,3602 253,3602 251,3599 251,3596 250,3595 250,3588 249,3588 218,3588 217,3587 170,3586 169,3585 160,3585 159,3584 142,3584 141,3583 116,3583 115,3582 104,3582 103,3581 103,3580 102,3579 72,3579 71,3578 70,3578 70,3577 70,3576 69,3576 40,3576 39,3575 38,3575 37,3574 26,3574 24,3571 24,3570 23,3569 23,3566 22,3565 23,3564 23,3561 24,3560 24,3559 25,3558 25,3546 26,3545 26,3543 28,3541 29,3541 30,3540 35,3540 36,3539 73,3539 74,3538 74,3535 75,3534 75,3533 76,3532 76,3531 77,3531 78,3531 79,3530 85,3530 86,3531 87,3531 88,3532 89,3532 90,3533 90,3536 91,3537 169,3537 169,3538 209,3539 210,3539 210,3540 211,3541 211,3542 211,3543 682,3545 683,3544 684,3544 686,3542 687,3543 784,3543 785,3544 786,3544 788,3546 788,3547 789,3548 789,3553 789,3553 1259,3555 1260,3555 1260,3545 1261,3544 1261,3543 1264,3540 1266,3540 1267,3539 1348,3539 1349,3538 1371,3539 1371,3538 1371,3537 1373,3536 1592,3537 1593,3536 1778,3536 1779,3535 1786,3535 1788,3537 1879,3538 1880,3539 1881,3539 1882,3540 1885,3540 1885,3540 1885,3541 1886,3542 1886,3553 1886,3554 1932,3554 1933,3555 1936,3555 1937,3556 1937,3559 1938,3560 1938,3571 1938,3571 1948,3571 1949,3572 1950,3572 1951,3573 1952,3573 1955,3576 1955,3579 1956,3580 1956,3584 1955,3585 1955,3588 1948,3594 1947,3594 1946,3595 1791,3594 1791,3595 1791,3596 1790,3597 1790,3600 1788,3601 1370,3600 1369,3598 1369,3592 1368,3592 861,3589 860,3590 859,3590 858,3591 690,3591 690,3591 690,3599 689,3600 689,3601 686,3604 273,3602 272,3603 269,3603 268,3604"/><TextEquiv index="0"><Unicode>a dwelling. Dŏmus, 4 (with some cases as if 2); domicĭlium, sēdes,</Unicode></TextEquiv><TextEquiv index="1"><Unicode>a dwelling. Dŏmus, 4 (with some cases as if 2); domicĭlium, sēdes,</Unicode></TextEquiv></TextLine><TextLine id="l57"><Coords points="290,3653 269,3653 268,3652 200,3651 199,3650 198,3650 197,3649 195,3649 194,3648 160,3648 159,3647 142,3647 141,3646 136,3646 135,3645 112,3645 111,3644 102,3644 101,3643 82,3643 81,3642 76,3642 74,3639 74,3599 76,3597 83,3597 84,3597 84,3598 85,3599 85,3600 85,3601 102,3601 103,3602 133,3602 134,3603 168,3603 169,3604 170,3604 172,3606 172,3607 172,3607 248,3608 249,3609 250,3609 251,3609 251,3621 251,3622 270,3622 271,3623 274,3623 277,3625 277,3626 280,3629 280,3630 281,3631 281,3638 282,3640 290,3640 291,3641 292,3641 293,3642 294,3642 296,3643 296,3644 297,3645 297,3647 296,3648 296,3651 295,3652 294,3652 293,3653 292,3653 291,3654"/><TextEquiv index="0"><Unicode>hăbĭtātio.</Unicode></TextEquiv><TextEquiv index="1"><Unicode>hăbĭtātio.</Unicode></TextEquiv></TextLine><TextLine id="l58"><Coords points="590,3730 590,3729 590,3728 589,3728 588,3728 588,3721 588,3720 387,3719 386,3718 293,3718 292,3717 291,3717 290,3716 267,3716 266,3715 244,3715 243,3714 193,3713 192,3712 163,3712 162,3711 136,3711 135,3710 123,3710 120,3707 100,3707 99,3706 93,3706 92,3705 56,3705 55,3704 53,3704 51,3702 35,3702 34,3701 33,3701 32,3700 31,3700 29,3698 29,3697 27,3695 27,3694 26,3693 26,3675 26,3675 25,3675 24,3674 23,3674 22,3673 22,3669 23,3668 23,3667 25,3666 26,3666 33,3659 34,3660 101,3660 102,3661 103,3661 103,3662 103,3663 104,3664 104,3665 105,3665 163,3665 164,3666 227,3667 228,3668 246,3668 247,3669 249,3669 251,3671 752,3673 753,3672 758,3672 759,3671 917,3672 919,3670 920,3670 921,3669 1004,3669 1005,3668 1090,3668 1091,3667 1097,3667 1099,3670 1099,3671 1100,3672 1100,3683 1101,3683 1105,3683 1106,3684 1109,3684 1110,3685 1111,3685 1111,3686 1111,3687 1113,3689 1113,3691 1114,3692 1114,3703 1115,3703 1129,3704 1131,3706 1131,3707 1132,3708 1132,3712 1131,3713 1131,3714 1129,3717 1127,3717 1126,3718 875,3716 874,3717 855,3717 853,3719 758,3719 757,3720 756,3720 755,3721 603,3720 602,3721 602,3723 597,3728 596,3728 595,3729 592,3729 591,3730"/><TextEquiv index="0"><Unicode>to dwindle. Decresco, 3.—See to diminish.</Unicode></TextEquiv><TextEquiv index="1"><Unicode>to dwindle. Decresco, 3.—See to diminish.</Unicode></TextEquiv></TextLine><TextLine id="l59"><Coords points="1214,3796 1213,3795 1208,3795 1207,3794 1203,3794 1202,3792 1202,3788 1201,3788 621,3785 620,3786 619,3786 618,3787 314,3786 312,3788 309,3788 308,3789 307,3788 306,3788 306,3787 306,3785 305,3785 46,3784 43,3780 43,3778 42,3777 42,3768 41,3768 26,3768 26,3767 25,3767 24,3766 23,3766 20,3763 20,3762 19,3761 19,3758 18,3757 18,3751 19,3750 19,3746 20,3745 20,3741 21,3740 21,3737 25,3734 27,3734 28,3732 28,3723 29,3722 29,3721 30,3721 31,3720 32,3720 33,3719 35,3719 36,3720 39,3720 40,3721 40,3722 41,3723 41,3730 42,3731 189,3731 190,3732 193,3732 194,3733 953,3737 953,3736 953,3735 954,3735 956,3735 957,3734 1134,3735 1134,3734 1134,3733 1135,3733 1138,3733 1139,3732 1311,3732 1312,3731 1314,3731 1315,3730 1528,3731 1529,3730 1598,3731 1599,3730 1920,3731 1920,3730 1920,3729 1923,3727 1927,3727 1929,3730 1929,3731 1930,3732 1930,3741 1931,3741 1945,3741 1946,3742 1948,3742 1949,3743 1953,3743 1955,3746 1955,3758 1956,3759 1956,3767 1955,3768 1955,3769 1950,3773 1949,3773 1948,3774 1907,3774 1906,3775 1883,3775 1882,3776 1865,3776 1865,3776 1865,3777 1864,3778 1864,3779 1863,3780 1863,3781 1862,3782 1862,3783 1861,3784 1861,3785 1860,3786 1860,3787 1858,3789 1857,3789 1855,3791 1853,3791 1852,3792 1851,3791 1850,3791 1849,3790 1848,3790 1846,3788 1345,3785 1345,3786 1345,3788 1344,3789 1344,3792 1342,3793 1341,3793 1340,3794 1339,3794 1338,3795 1217,3795 1216,3796"/><TextEquiv index="0"><Unicode>dye. Fūcus, cōlor.—Listen to a crime of deeper dye. Audi facinus majoris</Unicode></TextEquiv><TextEquiv index="1"><Unicode>dye. Fūcus, cōlor.—Listen to a crime of deeper dye. Audi facinus majoris</Unicode></TextEquiv></TextLine><TextLine id="l60"><Coords points="67,3792 402,3794 402,3850 67,3848"/><TextEquiv index="0"><Unicode>abollæ. Juv.</Unicode></TextEquiv><TextEquiv index="1"><Unicode>abollæ. Juv.</Unicode></TextEquiv></TextLine><TextEquiv><Unicode/></TextEquiv></TextRegion></Page></PcGts>