2000 3865
20 17 1957 90 echo. Ēcho, gen. Ēchūs—What God (will you sing) whose name
85 89 1956 153 sportive Echo may resound? Quem Deum, cujus recinet jocosa nomen
82 156 441 217 imago? Hor.
17 218 814 279 to echo. Rĕsŏno, 1; rĕcĭno, 3.
19 277 1862 345 an eclipse. Dēfectus, 4 (not without gen. of the luminary); obscūrātio.
20 346 620 408 to eclipse. Obscūro, 1.
19 409 998 473 to be eclipsed. Dēfĭcio, 3; lăbōro, 1.
21 472 733 538 ecliptic. Ēcliptĭcus. Plin.
20 537 748 605 an eclogue. Ēclŏga. Plin.
20 595 1954 665 economical, i. e. having reference to management. (Œcŏnŏmĭcus; i e
84 664 1957 728 frugal, parcus.—A moderate and economical man. Modestus homo et
85 730 1958 795 frugi. Cic. (Frugi is only found in the substantives in nom. and acc., masc.,
71 796 569 857 fem., sing., and pl.)
23 853 1958 922 economy, i. e. management. Œconomia (Quint.); i. e. frugality, parsĭmonia,
87 921 339 983 frūgālĭtas.
24 986 446 1046 ecstasy. Fŭror.
24 1047 804 1115 to be in an ecstasy. Fŭro, 3.
24 1111 1287 1181 an eddy. Vortex -ĭcis, masc., gurges -ĭtis, masc.
25 1174 1959 1244 an edge, of a weapon. Ăcies; of any thing else, margo -ĭnis, masc., fem.; ōra.
25 1232 982 1308 to edge, i. e. sharpen, q. v. Ăcuo, 3.
24 1303 1015 1370 edged. Acūtus.—Two-edged, bĭpennis.
26 1363 543 1420 an edict. Ēdictum.
26 1428 1962 1498 an ediflce. Ædes (in sing. only a temple, in pl. a house), ædĭfĭcium—See
91 1498 240 1547 house.
27 1554 553 1621 to edify. Ērŭdio, 4.
26 1615 1961 1686 to educate. Instĭtuo, 3; Ērŭdio, 4; dŏceo, 2; ēdoceo, mistruo, 3; ēdŭco, 1.
90 1688 246 1745 Quint.
26 1748 1536 1813 educated. Doctus, ĕrŭdĭtus; i. e. well educated, littĕrātur.
27 1812 1964 1881 education. Discĭplīna, ēdŭcatio.—Flamininus was a man of no educa-
90 1876 1965 1932 tion. Flamininus litteras nesciebat. Cic.—It is inconsistent with the
92 1942 1594 1998 character of a man of education. Abhorret a litteris. Cic.
25 2006 481 2072 an eel. Anguilla.
26 2068 1966 2138 to efface. Dēleo, 2; exstinguo, 3; contĕro, 3; obtero (esp. renown, &c),
92 2132 1967 2202 ēluo, 3; interlĭno, 3 (only of effacing a writing).—They are effaced
89 2197 1484 2264 from my recollection. Meâ memoriâ dilabuntur. Cic.
24 2257 1970 2326 effect, i. e. result. Ēventus, 4; effectus, 4; exĭtus, 4.—I wonder that
94 2327 1969 2391 you wrote to a contrary effect. Miror te aliam in sententiam scribere.
89 2390 1970 2455 Cic.—Letters having been written to the same effect. Epistolis eandem
88 2454 1971 2521 in rationem scriptis. Cic.—The Peripatetics and Academicians, differing
89 2518 1972 2585 in name, but in effect being quite agreed. Peripatetici et Academici no-
88 2582 1974 2649 minibus differentes, re congruentes. Cic.—Quintius has for his oppo-
95 2644 1976 2713 nent Sextus Nævius in name, but in effect the most eloquent men of his
86 2709 1975 2779 time. Habet adversarium Quintius verbo Sextum Nævium, re vera hujusce
89 2774 1386 2872 ætatis homines disertissimos (Cic.); so re ipsâ, Liv.
25 2840 811 2901 effects. Bŏna -orum, pl. neut.
25 2901 827 2962 void of effect. Vānus, irrĭtus.
24 2963 1975 3031 to effect, effectuate. Effĭcio, 3; perfĭcio, exsĕquor, 3.—He will do
89 3029 1975 3095 every thing to effect his object. Omnia faciet ut propositum assequatur.
89 3093 1975 3156 Cic.—I have effected that no one should repent of it. Ne quem ejus
87 3159 713 3222 pœniteret præstiti. Liv.
24 3215 1972 3286 effective, effectual. Effĭcax, ĭdōneus, pŏtens; i. e. producing such and such
92 3289 935 3349 effects, effĭciens; c. gen. or c. acc.
28 3350 1363 3414 to be effectual. Văleo, c. ad and acc. of the object.
26 3407 1970 3477 effectually. Effĭcacĭter, potenter. — Nor did I effectually understand.
97 3479 825 3541 Nec satis intelligebam. Cic.
27 3539 1139 3603 effeminacy. Mollĭties, mollitia, mollĭtūdo.
28 3602 1122 3664 effeminate. Mollis, imbellis, effemĭnatus.
30 3665 1971 3730 to render effeminate. Effēmĭno, 1; mollio, 4; ēmollio, rĕmollio, ēnervo,
99 3729 455 3787 1; dēvĭlĭto, 1.
29 3786 1506 3855 to become effeminate. Languesco, 3; mollior, diffluo, 3.
