2009 3932
22 17 968 82 effeminately. Ēffemĭnate, mollĭter.
22 82 1084 145 to effervesce. Efferveo, 2; effervesco, 3.
21 146 648 210 effete. Effētus, dēbĭlis.
20 208 807 269 efficacious. Effĭcax, ĭdōneus.
18 273 957 339 efficaciously. Effĭcācĭter, pōtenter.
21 338 1983 409 efficacy. Vis, potentia, effĭcācĭtas. —Which topic will be of great effi-
86 404 1983 469 cacy in persuading men. Qui locus magno ad persuadendum momento
88 467 1984 537 futurus est. Cic.—Their noise was of great efficacy in frightening our
88 531 1539 584 men. Multum ad terrendos nostros valuit clamor. Cæs.
22 582 1980 663 efficient, i. e. that which produces (as a cause, &c.). Effĭciens, c. gen.;
90 658 1721 725 efficient, i. e. useful (as an efficient person, &c.), căpax, ĭdōneus.
23 721 1064 787 effigy. Effigies -ei, ĭmāgo, sĭmŭlācrum.
23 786 492 847 effluvia. Odor.
23 847 1983 917 effort. Cōnātus, 4; *cōnamen -ĭnis, neut., conatum, nīsus, 4.—To make an
93 914 1032 975 effort, nĭtor, 3; ēnitor.—See to strive.
24 977 679 1043 effrontery. Impŭdentia.
23 1042 1376 1109 with effrontery, adj. Impŭdens, adv., impudenter.
24 1106 620 1170 effulgence. Splendor.
24 1169 642 1235 effulgent. Splendĭdus.
23 1234 750 1297 effusion. Effūsio, prŏfusio.
23 1292 457 1363 an egg. Ōvum.
24 1360 1598 1428 to egg on. Incĭto, 1; impello, 3; stĭmŭlo, 1.—See to excite.
23 1426 1236 1491 egregious. Egrĕgius, exĭmius.—See excellent.
23 1491 1337 1555 egregiously. Egrĕgie; i. e. very much, admŏdum.
22 1554 843 1620 egress. Ēgressus, 4; exĭtus, 4.
23 1618 719 1682 to ejaculate. Exclāmo, 1.
23 1682 1082 1747 an ejaculation. Exclāmātio, vox subita.
24 1741 1266 1811 to eject. Ējĭcio, 3; pello, 3; expello, ēmitto, 3.
24 1809 743 1875 ejection. Ejectio, expulsio.
23 1875 380 1938 eight. Octo.
22 1938 588 2003 eight times. Octies.
22 2002 500 2067 eighth. Octavus.
20 2065 1010 2131 eighteen. Duodeviceni, duodeviginti.
20 2129 1421 2195 eighteenth. Duodevicesimus, octavus-decimus. Tac.
20 2195 564 2260 eighty. Octōginta.
19 2258 679 2323 eightieth. Octogesimus.
18 2322 940 2388 eight hundred. Octingenti -æ -a.
19 2386 974 2452 eight hundredth. Octingentesimus.
21 2443 1982 2515 either, adj., i. e. one of two. Ŭter -tra -trum, gen., utrīus.—That there
88 2515 1982 2580 might be no opportunity, as they were mutually afraid of one another,
88 2580 1983 2644 of either anticipating the other. Ne, cum inter se timerent, alteruter alterum
85 2645 884 2708 præoccuparet. Nep.—See any.
22 2705 1981 2771 either. Vel, aut, ve (always attached to some other word); sĭve, seu; in
86 2772 1985 2837 negative sentences, nec.—The wise man will not be at a loss either
89 2835 1984 2901 what to do or what to reply. Non deerit sapienti nec quid faciat, nec
88 2899 662 2961 quid respondeat. Cic.
25 2953 716 3026 eke, i. e. also q. v. Ĕtiam.
25 3026 660 3090 to eke out. Suppleo, 2.
25 3083 974 3154 to elaborate. Ēlăbōro, 1; expŏlio, 4.
24 3147 1982 3220 elaborate. Ēlăbōratus, perfectus; i. e. beautiful, ēgrĕgius.—Elaborately-
91 3219 1347 3284 wrought garments. Arte laboratæ vestes. Virg.
23 3281 1289 3348 elaborately. Accūrāte, affăbre, pulchre, ēgrĕgie.
24 3346 1191 3411 to elapse. Prætĕreo, 4; lābor, 3; dēlabor, 3.
24 3409 698 3470 to be elastic. Rĕsĭlio, 4.
22 3468 1981 3538 elated. Ēlatus, sublatus, lætus (see joyful).—And they, being elated
88 3538 1981 3605 and puffed up by these circumstances. Quibus illi rebus elati atque
89 3603 413 3653 inflati. Cic.
22 3662 1977 3732 elation. Sublātio, ēlatio, lætĭtia.—To excite feelings of elation in, ĕffĕro,
89 3731 1984 3794 irr.; ērĭgo.—When the rumour by its false hopes had raised feelings of
88 3795 1815 3859 elation in your breast. Cum falsâ spe rumor animos inflâset. Cic.
