2006 3861
18 17 486 76 elbow. Cŭbĭtus.
19 80 803 149 to elbow. Trūdo, 3; detrudo.
19 134 1402 209 elder, eld. Vĕtustas.—Elder, adj.; eldest.—See old.
20 206 904 264 an elder tree. Sambūcus. Plin.
20 274 592 330 of elder. Sambuceus.
23 330 1137 402 to elect. Ēlĭgo, 3; creo, 1.—See to choose.
23 386 1954 464 election. Ēlectio, creātio.—I will send you an account of the whole
88 458 1135 525 election. Tota comitia perscribam. Cic.
25 521 571 585 an elector. Ēlector.
26 588 754 661 eleemosynary. Mĭsĕrĭcors.
27 646 1506 726 elegance. Gratia, ēlĕgantia, dĕcor, concinnitas, cultus, 4.
28 714 1396 789 elegant. Ēlĕgans, dĕcōrus, cultus, excultus, ornatus.
29 782 973 852 elegantly, Eleganter, culte, ornāte.
29 847 659 917 elegy. Elĕgus, ĕlĕgēia.
30 899 1903 970 an element. Ēlĕmentum; i. e. first begining, q. v., princĭpium, ĭnĭtium.
30 978 613 1040 elementary. Prīmus.
32 1030 1535 1104 an elephant. Ĕlĕphas -antis, masc.; ĕlĕphantus, barrus.
33 1093 1955 1168 to elevate. Effĕro, irr.; tollo, 3; attollo, ērĭgo, 3; subrigo; i. e. promote,
97 1161 1160 1236 augeo, 2; amplĭfĭco, 1; c. abl. of the rank.
33 1221 1394 1294 elevated. Altus, ēdĭtus, celsus, excelsus.—See high.
33 1285 1958 1356 elevation. Ēlātio; i. e. height, altitudo; i. e. promotion, amplificatio.—
99 1347 1957 1418 And let that be their first step to additional elevation and rank. Ollisque
99 1414 1555 1487 ad honoris amplioris gradus is primus ascensus esto. Cic.
34 1487 735 1543 eleven. Undĕcim. undēni.
35 1549 642 1607 eleventh. Undĕcĭmus.
36 1613 719 1683 an elf, in plur. Lĕmŭres.
36 1676 814 1738 to elicit. Ēlĭceo, exprĭmo, 3.
38 1736 791 1808 to elide. Ēlīdo, 3. Gramm.
38 1804 715 1872 eligible. Aptus, ĭdōneus.
39 1862 703 1922 elision. Ēlisio. Gramm.
41 1931 718 2002 an elk. Alces.—See stag.
40 1998 416 2065 an ell. Ulna.
41 2058 719 2130 ellipsis. Ellipsis. Quint.
42 2126 472 2181 an elm. Ulmus.
43 2188 537 2245 elocution. Dictio.
44 2248 1049 2322 to elongate. Prōdūco, 3; extendo, 3.
45 2315 646 2384 elongation. Extensio.
45 2382 626 2444 to elope. Aufŭgio, 3.
44 2438 1221 2509 eloquence. Ēlŏquentia, fācundia, *ĕlŏquium.
47 2502 1087 2573 eloquent. Ēlŏquens, dĭsertus, fācundus.
47 2562 1760 2637 eloquently. Dĭserte, fācunde, ōratōrie, pulchre, ēlŏquentia. Plin.
47 2638 421 2704 else. Alĭter.
49 2691 993 2761 else, adj. Ălius -a -ud; gen. ălīus.
49 2752 1981 2823 elsewhere. Ălĭbi; after a verb of motion towards, ălio, of motion from,
113 2828 302 2891 ăliundi.
51 2879 1945 2953 to elucidate. Explĭco, 1; dīlucĭdo, 1; expĕdio, 4; explāno, 1; ēnōdo, 1.
49 2952 999 3016 elucidation. Explĭcatio, explanatio.
52 3016 949 3078 one who elucidates. Explanātor.
52 3076 1295 3144 to elude. Ēlūdo, 3; effŭgio, 3.—See to escape.
53 3145 714 3210 elusive, elusory. Fallax.
52 3204 523 3277 elysian. Ēly̆sius.
54 3276 568 3339 elysium. Ely̆sium.
54 3332 1050 3403 emaciated. Măcer -cra -crum, exīlis.
55 3396 1534 3457 to render emaciated. Macĕro, 1; consūmo, 3; absumo.
54 3465 878 3524 to be emaciated. Măcresco, 3.
55 3528 826 3587 emaciation. Măcies, exilitas.
56 3583 1241 3654 to emanate. Ŏrior, 3; prŏfĭciscor, 3; māno.
55 3653 699 3711 emanation. Functus, 4.
57 3715 1020 3775 to emancipate. Lībĕro, 1; solvo, 3.
57 3776 1116 3837 emancipation. Lībĕratio.—See freedom.
