2003 3881
42 19 994 80 to emasculate, metaph. Dēlumbo, 1.
44 82 1787 148 emasculated, metaph. (of style, &c.). Ex-sanguis, dēlumbis. Pers.
40 148 645 208 to embalm. Condio, 4.
38 211 608 274 embargo. Prohĭbĭtio.
35 243 1977 339 to embark, intrans. Conscendo, 3; in a project, &c., ĭneo, 4; aggredior, 3.—
92 343 461 402 See to attempt.
33 403 1679 473 to embark, trans. Immitto, 3, c. in and acc.; impōno, 3, c. dat.
33 468 734 517 embarkation. Conscensio.
33 530 1976 595 to embarrass. Impĕdio, 4; sollĭcĭto, 1; implĭco; to be embarrassed, i. e.
89 596 1156 659 encumbered, perplexed, lăbōro.—See debt.
32 659 1977 723 embarrassment. Anxiĕtas, sollĭcĭtudo; i. e. obstacle, q. v., impĕdīmentum.
87 723 1976 788 —On account of the embarrassed state of his affairs. Propter implica-
88 787 768 836 tionem rei familiaris. Cic.
32 851 1025 912 embattled. Instructus.—See to array.
31 915 1782 979 to embellish. Orno, 1; exorno, dĕcŏro, illūmĭno, 1 (a speech, &c.).
26 979 1132 1040 embellishment. Ornāmentum, ornātus, 4.
27 1043 978 1102 embers. Cĭnis -ĕris, masc.; făvilla.
27 1100 606 1155 to embezzle. Āverto.
25 1164 1037 1235 embezzlement. Ăversa pĕcūnis. Cic.
28 1229 670 1285 an embezzler. Āversor.
28 1288 1550 1395 to embitter. *Ăcerbo, 1; more usu. exacerbo, exaspĕro, 1.
27 1363 659 1427 to emblazon. Pingo, 3.
26 1425 853 1492 an emblem. Sīgnum. indĭcium.
24 1489 758 1539 emblematical of. Indĭcans.
26 1553 1519 1618 to embody, i. e. collect together. Collĭgo, 3; esp. soldiers.
24 1619 1974 1682 to embolden. Conscribo, 3; do animos, do audaciam.—Many circum-
83 1683 1972 1745 stances emboldened him to think that he ought to undertake the enterprise.
83 1746 1973 1813 Multæ res eum hortabantur quare sibi eam rem suscipiendam putaret.
83 1811 196 1859 Cæs.
25 1875 567 1936 to emboss. Cælo, 1.
24 1935 1278 1996 embossed work. Cælātūra, cælamen —ĭnis, neut.
22 1995 996 2063 to embowel. Ēviscĕro, 1; dīlănio, 1.
22 2065 1974 2130 to embrace. Amplector, 3; complector, 3.—Sicily was the first to em-
81 2129 1974 2193 brace the friendship of the Roman people. Princeps Sicilia se ad amici-
81 2192 1975 2258 tiam populi Romani applicuit (Cic.); so, adjungo me, amplexor, 1; to
78 2256 1974 2321 embrace (a hope), concĭpio, 3; admitto, 3; a proposal, a plan, &c.,
80 2324 1025 2382 assentio, 4; accēdo, 3. c. ad and acc.
20 2387 1053 2450 an embrace. Amplexus, 4; complexus.
21 2451 703 2500 an embrasure. Fĕnestra.
21 2514 927 2566 embrocation. Fōmentum. Col.
20 2575 1977 2642 to embroider. Pingo, 3.—Or if she was embroidering. Seu pingebat
78 2642 328 2691 acu. Ov.
20 2704 1149 2769 to embroil. Misceo, 2; turbo, 1; conturbo.
18 2768 685 2834 in embryo. Imperfectus.
19 2833 945 2894 emendation. Emendātio, correctio.
18 2898 684 2961 an emerald. Smăragdus.
22 2954 1178 3023 to emerge. Ēmergo, 3; exeo, 4; Ēvādo, 3.
21 3022 1974 3087 an emergency. Discrīmen -ĭnis, neut.—On the emergency, ad subita rerum.
84 3092 178 3140 Liv.
21 3154 1119 3220 to emigrate. Mĭgro, 1; ēmigro, dēmigro.
18 3216 930 3279 emigration. Mĭgrātio, demigratio.
19 3281 929 3342 eminence. Præstantia, excellentia.
18 3346 846 3394 an eminence. Collis.—See hill.
19 3401 1976 3472 eminent. Ēgrĕgius, exĭmius, insignis, præstans, excellens, clārus, præclarus.
78 3470 1978 3534 —The most eminent philosopher of this age. Princeps hujus ætatis
78 3534 1979 3599 philosophorum. Cic.—(They said) that a most admirable general, a most
78 3598 1978 3668 eminent commander had been appointed. (Dicebant) electum esse eximium
77 3664 959 3726 imperatorem, unicum ducem. Liv.
18 3720 750 3785 to be eminent. Ēmĭneo, 2.
18 3784 772 3856 eminently. Ēgrĕgie, exĭmie.
