2029 3847
41 18 725 80 an emissary. Prōcūrātor.
39 79 736 145 emission. Missio, ēmissio.
39 136 2005 203 to emit. Mitto, 3; ēmitto, effundo, 3; i. e. to exhale, exhalo, 1; expiro, 1.
39 209 521 258 emollient. Lēnis.
38 272 940 330 emolument. Lŭcrum, commŏdum.
37 330 1690 397 emotion. Mōtus, 4; commōtio, perturbatio (chiefly unpleasant).
37 396 1518 462 an emperor. Impĕrator, princeps -ĭpis, masc.—See king.
37 464 1135 527 an empress. Princeps -ĭpis, fem.; rēgīna.
38 529 467 590 emphasis. Vis.
37 593 839 656 emphatic. Vīvĭdus, expressus.
35 652 1916 719 emphatically (to say). Expresse; i. e. especially; in primis, ante omnes.
36 721 775 784 empire. Impĕrium, regnum.
36 784 669 848 an empiric. Empīrĭcus.
34 847 834 911 empiricism. Empīrĭce. Plin.
35 906 1994 974 to employ, i. e. use. Ūtor, 3; adhĭbeo, 2 (used also of employing a lawyer).
96 974 1997 1042 —To employ (time, efforts, &c.), insūmo, 3, c. in and acc., or c. dat.; im-
96 1038 1995 1102 pendo, c. in and acc.; as cares employ the mind, occūpo, 1; exerceo, 2.
96 1101 1998 1167 —All artisans are employed in sordid trades. Opifices omnes in sordidâ
95 1166 1999 1228 arte versantur. Cic.—To this truth is subjected, as a sort of raw mate-
87 1219 1997 1295 rial which it has to deal with, and on which it is employed. Huic, quasi
94 1292 1765 1358 materia quam tractet et in quâ versetur, subjecta est veritas. Cic.
31 1350 1160 1423 employment. Ŏpus -ĕris, neut.; occŭpātio.
31 1419 1997 1486 to empower.— He empowered him to choose whomsoever he pleased. Ei
94 1487 976 1550 permisit eligere quem vellet. Liv.
31 1549 1033 1614 emprise. Cōnātus, 4.—See enterprise.
29 1603 843 1676 emptiness. Ĭnānĭtas, văcuĭtas.
30 1677 522 1739 emption. Emptio.
30 1741 659 1801 empty. Văcuus, ĭnānis.
28 1804 1993 1869 to empty. Exhaurio, 4; exsicco, 1; văcuo, 1 (Plin.); ēvacuo (Col.); ĭnānio.
96 1869 221 1918 Plin.
28 1924 888 1993 in an empty manner. Ĭnanĭter.
28 1997 685 2058 to emulate. Æmŭlor, 1.
28 2061 1427 2124 emulation. Æmŭlatio, æmŭlātus, 4 (Tac.); rīvālĭtas.
27 2126 1127 2190 an emulator. Æmŭlātor, æmŭlus, rīvālis.
27 2190 557 2241 emulous. Æmŭlus.
24 2252 1990 2318 to enable.—You enable me to appear at the banquets of the Gods. Tu
88 2317 1011 2382 das epulis accumbere Divûm. Virg.
23 2375 1990 2445 to enact. Ēdīco, 3; dēcerno, 3; stătuo.—It was enacted by the senate.
89 2443 916 2496 Placuit senatui. Liv.—See law.
23 2511 1078 2570 an enactment. Lex, ēdictum.—See law.
24 2571 771 2624 enamel. Encaustum. Plin.
24 2633 823 2687 enamelled. Encaustus. Plin.
22 2691 1832 2763 enamoured. Ămans, c. gen.—To be enamoured, ămo, 1.—See to love.
23 2763 616 2824 to encage. Claudo, 3.
23 2826 1986 2894 to encamp. Castrămētor, 1.—We were encamped at the foot of Amanus.
87 2889 1988 2957 Castra in radicibus Amani habuimus. Cic—I have encamped under
86 2953 1718 3020 the walls. Ad murum castra posui (Cæs.); so, castra loco, Cæs.
21 3019 1098 3081 an encampment. Castra -orum, neut. pl.
21 3081 1626 3147 to enchain. Vincio, 4; dīvincio, lĭgo, 1; alligo.—See to bind.
20 3145 1990 3208 to enchant, i. e. bewitch. Fascĭno, 1; i. e. delight, delecto, 1; irrētio.—See
84 3211 317 3272 to please.
19 3272 1417 3336 an enchanter. Măgus.—An enchantress, măga, sāga.
19 3334 1987 3401 enchantment (magical). Cantus, 4; incantāmentum, fascĭnatio (Plin.); i. e.
81 3398 734 3462 delight, dēlĭciæ, illĕcĕbræ.
18 3459 1591 3525 enchanting, i. e. attraction. Jūcundus, illĕcĕbrosus. Plaut.
18 3524 1230 3592 to encircle. Circumdo, 1; cingo, 3; ambio, 4.
17 3586 1376 3656 to enclose. Claudo, 3; includo, intercludo, sēpio, 4.
17 3648 633 3712 an enclosure. Septum.
19 3710 701 3762 an encomiast. Laudātor.
19 3773 923 3837 encomiastic. Laudātūris. Quint.
