2041 3886
103 18 1050 85 encomium. Laus -dis, fem., laudātio.
100 85 2019 150 to encompass. Circumdo, 1; cingo, 3; ambio, 4; *circumeo, 4.—As
155 151 1218 213 water does, circumfluo, 3; circumfundor, 3.
95 212 2016 279 an encounter. Conflictus, 4; concursus, 4; contentio, i. e. a battle, pugna,
145 279 633 338 certāmen -ĭnis, neut.
88 340 2016 408 to encounter, i. e. meet. Occurro, 3.—To encounter in battle, congrĕdior, 3;
138 406 2014 470 concurro, 3; conflīgo, 3 (in pl. of encountering one another).—And we
136 467 2015 532 have encountered one another. Contulimusque manus.—And his mother
134 535 2015 585 encountered him in the middle of the wood. Cui mater mediâ sese tulit
132 596 2013 665 obvia sylvâ. Virg.—I was going to give them to the first person I en-
133 662 2013 726 countered. Eos eram daturus ei qui mihi primus obviam venisset. Cic—
133 726 417 777 See to meet.
76 788 2009 854 to encourage (prop. by words, but also by any means). Hortor, 1; confirmo, 1.
122 853 2010 920 —A garrison of the legions being added, our men were encouraged. Præsi-
126 915 2009 981 dio legionum addito nostris animus augetur. Cæs.—You have encouraged
122 982 2009 1046 me. Animos mihi addidisti. Cic.—Encouraged by these words. His
120 1045 2008 1109 animum arrecti dictis. Virg.—Lucumo was encouraged by his riches,
119 1110 2007 1176 and still more by Tanaquil, whom he had married. Lucumoni cum divitiæ
116 1173 1780 1236 jam animos facerent, auxit ducta in matrimonium Tanaquil. Liv.
67 1237 2003 1301 encouragement. Hortātio, hortāmen -ĭnis, neut., hortamentum, confirtatio
119 1303 438 1353 animi. Cæs.
65 1365 902 1430 one who encourages. Hortātor.
62 1428 1132 1495 to encroach upon. Invādo, 3; occŭpo, 1.
60 1492 1489 1559 an encroachment. Occŭpātio (c. gen. of that on which).
60 1556 917 1622 to encrust. Tĕgo, 3; incrusto, 1.
58 1618 1002 1686 to encumber. Ŏnĕro, 1; impĕdio, 4.
55 1687 865 1751 encumbrance. Impĕdīmentum.
57 1750 2000 1816 an end, subst. Fīnis, exitus, 4.—An end, or extremity, mēta, extrēmum,
106 1815 2001 1879 extrēmĭtas.—The end or completion of anything, confectio, pĕractio.—
105 1875 2007 1944 The end of a speech, pĕrōrātio.—By chance Casca was sitting at the end of
103 1938 2001 2006 the bench. Forte in cornu primus sedebat Casca. Liv. (Cornu is used also for
101 2003 1998 2070 the end of a bow, of a yardarm, &c., because these things were tipped with
101 2065 1999 2135 horn.)—Since, by his interruption, we were called back at the very end
100 2133 1995 2200 of our course. Quoniam sumus ab ipsâ calce ejus interpellatione revocati.
99 2195 1997 2262 Cic. (Calx being the goal, lit. a white line drawn to mark the end of the
96 2260 1995 2325 race.)—To die at the end of the summer. Exactâ ætate mori. Cic.
97 2325 1993 2390 —At the end of the year. Anno vertente (Cic.); anno exeunte. Liv.
101 2389 1672 2452 —To what end is all this? Quorsum hæc pertineat. Cic.
42 2450 1996 2517 to end, trans. i. e. finish, complete. Fĭnio, 4; conclūdo, 3; pĕrăgo, 3; con-
90 2515 1996 2581 fĭcio, 3; absolvo, 3; claudo, 3.—To end, i. e. desist from, cease, dēsĭno, 3;
90 2580 1995 2645 desisto, 3; cesso.—To end, put an end to (a quarrel), compōno, 3; a quarrel,
91 2644 1996 2709 or a friendship, dĭrĭmo.—It is ended. Actum est. Cic.—I shall settle
90 2710 1996 2774 nothing about my journey till I see how those matters end. Nihil ante
89 2772 1996 2837 de profectione constituam quam ista quo evasura sint, videro. Cic.—
92 2834 1993 2903 If the varying fortunes of a good man are brought to a happy end. Viri
90 2901 1994 2964 excellentis ancipites variique casus si exitu notabili concluduntur. Cic.—
88 2961 1993 3030 He alone had the chief credit of having ended the Punic war. Punici
86 3026 1388 3093 belli perpetrati unus præcipuam gloriam tulit. Cic.
30 3087 1993 3156 to endanger. Pĕrīclĭtor, 1, c. abl.—The safety of the allies is greatly
85 3155 1989 3224 endangered. Salus sociorum summum in periculum ac discrimen vocatur.
85 3218 1991 3287 Cic.—I should be greatly endangering their lives. Illos in magnum
84 3281 1992 3341 vitæ discrimen adducerem. Cic.—There would not be many citizens
81 3344 1993 3412 found to venture to endanger their own safety for the sake of the state.—
82 3408 1991 3477 Nequaquam satis multi cives invenirentur qui auderent se et salutem suam
82 3474 1541 3540 in discrimen offerre pro statu civitatis. Cic.—See danger
24 3536 1991 3603 to endear. Dēvincio, 4 (see to bend).—He endears himself to me by
80 3601 1894 3667 his industry and patience. Mihi se probat industriâ et patientiâ. Cic.
22 3668 589 3732 endearing. Blandus.
18 3730 1510 3795 endearment. Blandĭtiæ, pl., blandīmentum, illĕcĕbræ, pl.
20 3793 1987 3861 an endeavour (the thing to be done, or the effort). Cōnătus, 4; conatum.
