2031 3869
85 18 1982 86 *cōnāmen -ĭnis, neut. *mōlīmen, nīsus, 4; i. e. the thing to be done, cœptum,
84 89 320 150 inceptum.
17 120 1985 212 to endeavour. Cōnor, 1; tento, 1; nītor, 3; ēnitor, contendo, 3; c. ut and
83 217 192 277 subj.
20 280 727 344 endive. Inty̆bum, intybus.
19 340 1491 410 endless. Infĭnĭtus, perpĕtuus, pĕrennis.—See everlasting.
19 403 1981 470 endlessly. Perpĕtuo, infīnīte, sine fine (Ov.), nullo fine (Ov.).—See always.
20 471 998 536 endlessness. Perpetuĭtas, pĕrennĭtas.
19 538 705 597 to endorse. Subscrībo, 3.
20 601 730 662 endorsement. Subscriptio.
23 664 741 724 to endow. Dōto, 1. Plin.
23 727 1133 791 endowment. Dos, dotis, fem.—See dower.
23 792 835 851 to endue. Instruo, 3; orno, 1.
23 854 1985 917 endued. Prædĭtus, c. abl.—There would not be found many citizens en-
88 919 1988 1004 dued with such courage and magnanimity. Nequaquam satis multi cives
88 983 1121 1046 forti et magno animo invenirentur. Cic.
24 1047 1988 1111 endurance, the act or the courage. Pătientia; i. e. courage to endure, for-
90 1116 252 1162 titudo.
25 1175 1990 1240 to endure, i. e. bear. Fĕro, irr.; perfero, pătior, 3; perpetior, tŏlĕro, 3; sus-
88 1239 1444 1303 tĭneo (esp. of enduring to do something disagreeable).
25 1302 1989 1368 to endure, i. e. last, q. v. Dūro, persto, 1 (these two are used also for to
90 1366 1699 1432 bear, only without any noun after them); măneo, 2; permaneo.
25 1430 1991 1494 an enemy. Hostis, ĭnĭmīcus.—So that your conduct appears that of an
89 1494 1992 1560 enemy, mine that of a thorough friend. Ut tuum factum alieni hominis,
89 1558 1988 1623 meum vero amicissimi esse videatur. Cic.—They tried to make me
89 1622 1990 1684 your enemy. Conabantur alienare a te voluntatem meam. Cic.—His
91 1687 1204 1749 greatest enemy. Inimicissimus suus. Liv.
27 1749 816 1813 energetic. Strēnuus, impĭger.
29 1813 1896 1877 energetically. Strēnue, ēnixe, ătrōcĭter (used in a good sense by Cic.).
27 1876 1985 1942 energy. Vis, contentio, impĕtus, 4.—They despise those in whom they
92 1940 1984 2006 think that there is no courage, no energy. Eos contemnunt in quibus
91 2005 1116 2069 nihil animi nihil nervorum putant. Cic.
29 2063 1552 2135 to enervate. Ēnervo, 1; dēbĭlĭto, 1; frango, 3; mollio, 4.
30 2134 1091 2197 an enervated state. Mollĭties, mollĭtia.
29 2199 1081 2249 to enfeeble. Debĭlĭto.—See to enervate.
30 2262 1081 2323 enfeebled. Dēbĭlis, effētus.—See feeble.
30 2328 1087 2391 to enfold. Implĭco, 1.—See to embrace.
30 2391 1384 2455 to enforce. Confirmo, 1; i. e. compel, q. v., cōgo, 3.
29 2454 1472 2519 to enfranchise, i. e. set free. Lībĕro, 1; manumitto, 3.
30 2516 1141 2573 enfranchisement. Lībĕrātio, manumissio.
30 2581 1995 2646 to engage, i. e. bind. Obstringo, 3; i. e. promise, q. v., spondeo, 2; prō-
93 2645 1996 2708 mitto, 3; i. e. hire, condūco, 3; i. e. to occupy, occŭpo, 1; tĕneo, 2; i. e. to
95 2707 1997 2772 fright, q. v., conflīgo, 3; congrĕdior, 3; confero manus (Liv.), consĕro
92 2771 1997 2835 manus (Liv.).—In those days it was thought creditable for the generals
95 2835 1996 2902 themselves to engage in the battle. Decorum tum erat ipsis ducibus ca-
93 2899 1997 2963 pessere pugnam. Liv.—Who could engage that there will be no
94 2964 1672 3028 robbers? Prædones nullos fore quis præstare poterat? Cic.
32 3027 1994 3092 an engagement, i. e. promise. Fĭdes, prōmissum; i. e. battle, q. v., pugua,
94 3091 1997 3157 prælium, certāmen -ĭnis.—On account of the engagement into which he
95 3155 1926 3218 had entered with the enemy. Propter fidem quam dederat hosti. Liv.
31 3221 589 3286 engaging. Blandus.
30 3283 1997 3351 engaging manner (of a woman). Blandĭtiæ.—Of a man, urbānĭtas, făcĭ-
96 3350 217 3396 lĭtas.
32 3411 2001 3476 to engender. Gigno, 3, lit. and metaph.; lit prōgigno, gĕnĕro, 1; progenero;
96 3475 519 3537 metaph. părio, 3.
32 3530 1832 3604 to be engendered by, metaph. Ŏrior, 3; prŏfĭciscor, 3; c. e and abl.
30 3602 1003 3663 an engine. Machĭna, instrūmentum.
33 3665 2003 3730 an engineer.—Archimedes still more admirable as an engineer and con-
96 3730 2008 3790 triver of warlike engines. Archimedes... mirabilior tamen inventor ac
95 3791 1172 3846 machinator bellicorum tormentorum. Liv.
