<PcGts xmlns="http://schema.primaresearch.org/PAGE/gts/pagecontent/2019-07-15" xmlns:xsi="http://www.w3.org/2001/XMLSchema-instance" xsi:schemaLocation="http://schema.primaresearch.org/PAGE/gts/pagecontent/2019-07-15 http://schema.primaresearch.org/PAGE/gts/pagecontent/2019-07-15/pagecontent.xsd"><Metadata><Creator/><Created>2022-03-15T22:58:42</Created><LastChange>1970-01-01T00:00:00</LastChange><Comments/></Metadata><Page imageFilename="0182.png" imageHeight="3893" imageWidth="2052"><TextRegion id="r1" orientation="-0.375" type="paragraph"><Coords points="1,1 2050,1 2050,3891 1,3891"/><TextLine id="l1"><Coords points="1688,92 1537,91 1534,89 1534,88 1533,87 1533,86 1532,85 1532,78 1532,77 1487,77 1486,76 896,72 895,73 895,81 894,82 894,83 894,83 763,82 762,83 762,84 761,85 754,85 753,84 752,84 751,83 750,83 747,80 666,80 664,78 664,72 664,72 142,68 141,67 72,67 71,66 70,66 69,65 68,65 67,64 65,64 64,63 63,63 60,60 60,59 59,58 59,57 58,56 58,55 57,54 57,53 56,52 56,42 57,41 57,38 58,37 58,36 59,35 59,34 60,34 61,34 62,33 63,33 64,32 66,32 67,31 133,31 137,28 137,27 138,26 138,25 139,23 312,24 313,24 313,22 314,20 315,20 316,19 320,19 321,18 585,20 586,21 1412,26 1413,25 1414,26 1416,28 1782,30 1783,31 1856,31 1857,32 1861,32 1862,33 1886,34 1887,35 1888,35 1889,36 1890,36 1891,37 1892,37 1893,38 1894,38 1896,40 1897,40 1897,40 1897,41 1899,43 1899,44 1900,45 1900,47 1901,48 1901,49 1902,50 1902,51 1903,52 1903,53 1904,54 1904,57 1905,58 1905,68 1906,69 1917,69 1918,70 1920,70 1920,70 1920,71 1921,72 1921,75 1922,76 1921,77 1921,78 1920,79 1920,80 1920,81 1899,81 1898,81 1898,82 1897,83 1897,84 1894,87 1894,88 1894,89 1893,89 1891,91 1890,91 1889,92 1888,92 1887,93 1692,91 1691,92 1690,92 1689,93"/><TextEquiv index="0"><Unicode>entraneed. Attŏnĭtus, captus (not without abl. of the object by which).</Unicode></TextEquiv><TextEquiv index="1"><Unicode>entraneed. Attŏnĭtus, captus (not without abl. of the object by which).</Unicode></TextEquiv></TextLine><TextLine id="l2"><Coords points="295,144 294,143 293,143 292,142 291,142 290,141 290,133 289,132 75,131 74,130 73,130 72,129 71,129 70,128 69,128 68,126 68,125 67,124 67,106 65,104 64,104 60,100 60,98 61,97 61,96 62,96 63,96 66,93 67,93 68,92 69,92 69,91 69,90 70,89 70,88 72,87 402,89 402,88 402,76 403,75 403,74 404,74 424,74 426,77 426,86 427,86 615,87 617,90 617,121 617,121 637,121 638,122 639,122 640,123 640,124 641,125 641,130 640,131 640,132 639,132 638,132 637,133 571,133 571,133 571,135 570,136 570,138 569,139 568,139 566,141 564,141 563,142 562,142 561,143 559,143 559,142 559,133 558,133 310,131 310,132 310,141 307,143 306,143 305,144"/><TextEquiv index="0"><Unicode>to entrap. Ĭnesco, 1.</Unicode></TextEquiv><TextEquiv index="1"><Unicode>to entrap. Inesco, 1.</Unicode></TextEquiv></TextLine><TextLine id="l3"><Coords points="1687,221 1686,220 1685,220 1684,219 1683,219 1682,218 1681,218 1680,218 1680,217 1680,216 1585,216 1584,215 1491,214 1490,213 1489,213 1488,212 854,208 852,210 710,209 708,211 707,211 706,212 702,212 700,214 696,214 695,213 695,212 694,211 694,210 693,209 592,208 591,207 590,207 589,207 589,206 589,205 521,205 520,204 519,204 518,203 518,199 518,199 156,196 155,195 75,195 74,194 73,194 72,193 71,193 70,192 69,192 67,190 67,189 66,188 67,185 66,184 66,170 63,168 62,168 59,164 59,162 60,161 60,160 60,160 61,160 64,157 65,157 66,156 67,156 68,155 68,154 69,153 69,152 70,151 428,153 429,153 429,147 430,146 430,145 431,143 434,143 435,142 445,142 446,143 452,143 453,144 454,144 457,147 457,148 457,148 1005,152 1006,153 1332,155 1334,157 1864,160 1865,161 1865,169 1865,169 1938,170 1939,170 1939,171 1940,172 1940,173 1941,174 1941,175 1943,178 1944,178 1945,179 2015,179 2016,180 2017,180 2019,182 2020,182 2021,183 2021,184 2022,185 2022,185 2023,185 2026,188 2026,189 2027,190 2026,193 2027,194 2027,198 2026,199 2026,200 2025,201 2025,202 2024,203 2024,204 2022,206 2022,207 2022,207 2021,207 2019,209 2014,209 2013,210 1994,210 1993,211 1862,210 1861,211 1861,221 1861,221 1696,220 1695,221"/><TextEquiv index="0"><Unicode>to entreat. Ōro, 1; dēprĕcor, 1 obsĕcro, 1; obtestor, 1; rōgo, 1 (not so</Unicode></TextEquiv><TextEquiv index="1"><Unicode>to entreat. Oro, 1; dēprĕcor, 1; obsĕcro, 1; obtestor, 1; rōgo, 1 (not so</Unicode></TextEquiv></TextLine><TextLine id="l4"><Coords points="1855,287 1852,287 1849,284 1528,282 1527,281 1525,281 1525,281 1525,278 1524,277 1524,270 1523,269 1512,269 1511,268 1410,267 1409,266 921,263 920,264 920,275 917,277 848,277 848,277 848,279 847,280 847,279 847,278 846,278 266,274 265,275 263,275 262,274 261,274 260,273 255,273 253,270 253,267 252,266 252,261 252,261 139,260 138,259 130,259 129,258 127,257 127,249 128,248 128,235 132,231 133,231 134,230 135,230 136,229 137,229 138,228 158,228 164,222 289,223 289,223 289,217 292,214 399,215 400,214 402,214 403,213 841,216 842,215 1321,218 1322,219 1323,219 1324,220 1503,221 1505,223 1946,226 1948,229 1948,242 1949,242 1979,242 1980,243 1982,243 1983,244 2013,244 2014,245 2015,245 2016,246 2019,246 2019,247 2019,248 2021,250 2021,252 2022,253 2022,254 2023,255 2023,267 2024,268 2024,269 2025,270 2023,272 2023,273 2022,273 1927,273 1926,274 1872,274 1871,275 1871,276 1870,277 1870,279 1866,282 1865,282 1862,285 1861,285 1859,287 1857,287 1856,288"/><TextEquiv index="0"><Unicode>strong).—Oro and rogo are in prose oftener followed by ut and subj. than</Unicode></TextEquiv><TextEquiv index="1"><Unicode>strong).—Oro and rogo are in prose oftener followed by ut and sutj. than</Unicode></TextEquiv></TextLine><TextLine id="l5"><Coords points="1748,349 1747,349 1746,348 1745,348 1741,344 1742,343 1741,342 1741,335 1740,335 1690,334 1689,333 1652,333 1651,332 1651,330 1650,329 1650,323 1649,322 1595,322 1594,323 1593,322 1510,321 1510,322 1510,327 1508,328 1507,328 1506,329 1494,329 1492,331 1429,331 1428,330 1336,329 1335,328 1279,328 1278,329 1253,328 1252,327 1106,326 1105,327 1069,327 1068,326 1065,326 1064,325 995,325 993,327 954,327 953,327 949,327 948,326 854,326 853,327 841,327 840,328 840,329 838,331 838,332 834,336 833,337 832,337 831,338 830,338 829,339 821,339 820,338 819,338 819,337 819,336 818,335 818,326 817,326 718,325 718,325 718,326 717,327 717,328 716,329 716,330 713,333 713,334 712,335 712,336 711,337 710,337 709,338 701,338 700,337 699,337 699,336 699,335 698,334 698,325 697,325 627,324 626,325 567,325 566,324 478,323 477,324 476,324 475,325 474,324 460,324 459,323 356,323 356,323 356,324 355,325 355,326 352,329 352,330 351,331 350,331 347,334 346,333 345,333 345,332 345,323 344,323 284,322 283,323 268,323 268,324 268,325 267,326 267,327 266,327 266,328 265,329 265,330 264,331 264,332 263,333 263,334 260,337 259,337 258,338 250,338 249,337 248,337 248,336 248,335 247,334 247,323 246,323 180,322 177,326 177,327 176,328 176,331 172,335 172,336 171,336 170,336 169,337 160,337 159,336 159,335 157,333 157,325 156,324 143,324 142,323 131,323 129,321 129,285 127,283 127,281 129,278 140,278 141,279 141,280 142,281 142,291 142,291 143,291 144,292 147,292 148,293 224,294 225,293 225,282 225,282 226,282 227,281 228,281 229,280 230,281 231,281 232,282 280,282 281,281 282,281 283,280 289,280 291,282 292,282 295,285 295,294 295,294 315,294 316,295 317,295 318,296 319,296 320,297 320,301 321,302 321,309 321,309 331,309 332,310 333,310 334,311 389,312 390,311 390,297 391,296 394,296 395,295 396,295 397,294 398,294 399,293 464,293 465,293 465,281 465,280 466,280 467,279 468,279 469,278 473,278 474,279 475,279 477,281 477,282 478,283 478,293 478,293 540,294 541,293 541,292 542,291 542,290 543,289 543,284 544,283 544,282 547,279 548,279 549,278 557,278 560,280 560,281 561,282 561,283 562,284 562,285 562,286 565,286 566,287 567,287 569,288 569,291 570,293 571,293 572,294 622,294 623,295 668,296 669,295 669,282 671,280 678,280 681,282 681,283 682,284 682,293 682,294 709,294 710,295 806,296 807,295 807,282 809,280 849,280 852,282 852,283 853,284 853,296 853,297 890,297 891,296 894,296 895,295 971,296 972,297 1024,297 1025,296 1064,296 1065,296 1065,285 1066,284 1066,283 1067,282 1067,281 1067,280 1074,280 1077,283 1077,294 1078,295 1128,296 1129,297 1179,297 1180,296 1210,296 1212,295 1212,294 1212,293 1213,293 1214,292 1251,292 1252,292 1252,287 1253,286 1253,285 1253,284 1254,284 1255,283 1258,283 1259,282 1260,284 1310,284 1312,282 1318,282 1319,283 1368,283 1369,284 1370,284 1371,285 1372,285 1373,286 1373,287 1374,288 1374,294 1374,294 1380,294 1384,298 1481,299 1483,297 1483,296 1484,295 1485,295 1486,294 1489,294 1490,295 1490,298 1491,299 1491,300 1493,302 1494,302 1495,303 1495,304 1496,305 1496,310 1496,310 1524,310 1525,311 1642,312 1643,312 1643,291 1646,287 1649,287 1650,286 1651,287 1692,287 1693,288 1694,288 1697,291 1697,303 1697,303 1763,304 1764,303 1769,303 1770,304 1771,304 1773,306 1857,306 1862,301 1863,302 1864,302 1866,304 1866,305 1866,305 1884,306 1885,307 1950,307 1954,304 1954,303 1956,300 1958,300 1961,303 1961,307 1961,307 2005,307 2006,307 2006,295 2006,294 2007,294 2008,293 2009,293 2010,292 2013,292 2014,293 2016,293 2017,294 2018,294 2019,295 2019,325 2020,326 2020,328 2021,329 2021,330 2022,331 2023,331 2024,332 2024,334 2023,335 2023,336 2022,336 2021,336 2020,337 2019,337 2018,338 2016,338 2015,337 1961,337 1960,338 1958,338 1957,337 1759,336 1759,336 1759,340 1758,341 1758,342 1757,343 1756,344 1753,348 1752,348 1751,349 1750,349 1749,350"/><TextEquiv index="0"><Unicode>by infin., and often by subj. even when ut is left out.—They entreated</Unicode></TextEquiv><TextEquiv index="1"><Unicode>by infia., and often by subji even when ut is left out.—They entreated</Unicode></TextEquiv></TextLine><TextLine id="l6"><Coords points="119,340 2024,352 2024,414 119,402"/><TextEquiv index="0"><Unicode>me to write to you. Ut ad te scriberem mecum egerunt. Cic.—He</Unicode></TextEquiv><TextEquiv index="1"><Unicode>me to write to you. Ut ad te scriberem mecum egerunt. Cic.—He</Unicode></TextEquiv></TextLine><TextLine id="l7"><Coords points="895,473 895,473 895,456 894,455 476,452 475,453 176,451 175,452 174,451 132,451 131,450 130,450 129,449 128,449 126,447 125,447 123,445 123,444 122,443 122,440 121,439 121,431 122,430 122,429 123,428 123,427 123,426 124,426 126,424 127,424 129,422 130,422 131,421 134,421 135,420 187,420 188,420 188,419 189,418 189,416 190,415 190,414 192,413 194,413 195,414 196,414 197,415 415,416 416,415 416,410 417,409 417,408 418,407 418,406 419,406 615,407 616,406 619,406 620,405 622,405 623,406 746,407 747,409 747,415 748,415 969,417 970,416 973,416 975,418 975,419 976,420 976,422 976,423 1225,424 1226,424 1226,412 1229,409 1235,409 1236,410 1237,410 1238,411 1271,412 1271,412 1271,414 1272,415 1272,425 1272,426 1491,427 1492,427 1492,415 1493,414 1494,414 1495,413 1498,413 1499,412 1503,412 1504,413 1517,413 1518,414 1520,414 1521,415 1523,415 1524,416 1525,416 1526,417 1527,417 1528,418 1529,418 1529,419 1529,421 1530,422 1628,423 1629,424 1806,425 1807,426 1808,426 1809,427 2010,428 2011,429 2014,429 2015,430 2015,433 2020,438 2020,452 2020,452 2022,452 2023,453 2023,459 2022,460 2022,462 2018,465 2015,465 2014,466 1997,466 1996,467 1848,466 1848,467 1848,475 1847,476 1847,477 1846,477 1845,477 1844,478 1833,478 1832,477 1831,477 1831,477 1831,476 1830,475 1830,465 1829,464 1589,463 1589,463 1589,466 1588,467 1588,470 1584,474 1581,474 1580,475 1574,475 1573,474 1567,474 1564,470 1564,464 1563,463 1563,462 1562,461 1416,461 1414,459 1339,458 1338,457 1104,455 1104,456 1104,467 1103,467 1102,467 1100,469 1071,469 1070,470 1069,470 1068,471 1060,471 1058,469 1057,469 1057,469 1057,457 1056,456 900,455 900,456 900,473 899,473"/><TextEquiv index="0"><Unicode>entreats and beseeches them not to oppose his son. Rogat eos atque orat</Unicode></TextEquiv><TextEquiv index="1"><Unicode>entreats and beseeches them not to oppose his son. Rogat eos atque orat</Unicode></TextEquiv></TextLine><TextLine id="l8"><Coords points="266,531 265,530 235,530 234,529 233,529 232,528 232,527 231,526 231,517 231,517 128,516 127,515 124,515 121,513 121,492 121,491 121,490 120,489 120,488 119,487 121,484 213,485 214,484 441,485 443,484 443,483 444,482 444,481 446,478 486,478 487,478 487,475 489,472 490,472 491,471 492,471 494,469 870,472 871,471 872,472 875,472 876,473 900,473 902,475 902,476 903,477 903,486 903,486 921,486 924,489 926,489 930,493 929,494 930,495 930,506 931,506 938,506 939,507 940,507 941,508 942,508 942,509 942,510 943,511 943,515 942,516 942,517 940,519 873,519 872,520 866,520 865,519 345,516 344,516 344,522 343,523 343,524 342,525 342,526 339,529 338,529 337,530 335,530 334,531"/><TextEquiv index="0"><Unicode>ne oppugnent filium suum. Cic.</Unicode></TextEquiv><TextEquiv index="1"><Unicode>ne oppugnent filium suum. Cic.</Unicode></TextEquiv></TextLine><TextLine id="l9"><Coords points="1096,599 1095,598 1026,598 1025,597 262,592 261,591 259,591 259,590 259,589 257,587 257,582 256,582 67,581 66,580 61,580 60,579 57,579 55,576 55,575 52,572 52,571 51,570 51,565 50,564 50,559 51,558 51,554 52,554 53,554 53,553 53,552 58,548 59,548 60,547 61,547 62,546 65,546 66,545 122,545 127,540 127,539 130,536 373,538 373,537 373,536 376,534 457,534 458,533 1280,539 1281,538 1284,538 1285,537 1288,537 1289,538 1575,540 1576,541 1577,541 1578,542 1579,542 1580,543 1747,544 1747,544 1747,545 1748,546 1748,547 1749,548 1749,558 1750,559 1771,559 1776,564 1776,565 1777,566 1777,569 1778,570 1778,573 1779,574 1779,577 1779,578 1782,578 1783,579 1786,579 1787,580 1788,580 1789,580 1789,581 1790,582 1790,585 1791,586 1790,587 1790,588 1789,589 1788,590 1787,590 1786,591 1707,590 1706,591 1514,590 1513,592 1513,593 1512,594 1512,595 1508,598 1507,598 1506,599 1105,596 1105,597 1105,598 1104,598 1103,598 1102,599"/><TextEquiv index="0"><Unicode>entreaty. Prĕces, fem. pl., c. abl. sing. prece, obsĕcrātio, obtestatio.</Unicode></TextEquiv><TextEquiv index="1"><Unicode>entreaty. Prĕces, fem. pl., c. abl. sing. prece, obsĕcrātio, obtestatio.</Unicode></TextEquiv></TextLine><TextLine id="l10"><Coords points="48,594 890,600 890,663 48,657"/><TextEquiv index="0"><Unicode>by or with entreaty. Prĕcārio.</Unicode></TextEquiv><TextEquiv index="1"><Unicode>by or with entreaty. Prĕcārio.</Unicode></TextEquiv></TextLine><TextLine id="l11"><Coords points="49,657 1661,668 1660,728 49,717"/><TextEquiv index="0"><Unicode>to entrust. Crēdo, 3; confĭdo, 3; committo, 3.—See to trust.</Unicode></TextEquiv><TextEquiv index="1"><Unicode>to entrust. Crēdo, 3; confĭdo, 3; committo, 3.—See to trust.</Unicode></TextEquiv></TextLine><TextLine id="l12"><Coords points="49,722 1670,733 1670,797 49,786"/><TextEquiv index="0"><Unicode>entry. Introitus, 4 (see to enter).—Entry in a book, inscriptio.</Unicode></TextEquiv><TextEquiv index="1"><Unicode>entry. Introitus, 4 (see to enter).—Entry in a book, inscriptio.</Unicode></TextEquiv></TextLine><TextLine id="l13"><Coords points="46,786 1409,795 1409,856 46,847"/><TextEquiv index="0"><Unicode>to entwine, i. e. weave, necto, 3; innecto, implĭco, 1.</Unicode></TextEquiv><TextEquiv index="1"><Unicode>to entwine, i. e. weave, necto, 3; innecto, implīco, 1.</Unicode></TextEquiv></TextLine><TextLine id="l14"><Coords points="345,917 345,916 345,913 344,913 307,912 306,911 304,911 303,910 303,903 302,902 61,901 60,900 57,900 56,899 55,899 54,898 53,898 52,896 52,876 50,875 49,875 49,874 49,873 48,872 48,871 47,870 47,868 48,867 48,866 55,860 56,860 58,858 59,858 60,857 253,858 253,857 253,856 256,854 257,854 258,853 261,853 262,852 264,852 265,853 971,858 972,857 975,857 976,856 1266,858 1267,857 1270,857 1271,858 1274,858 1275,859 1489,860 1489,861 1489,862 1490,863 1490,864 1491,864 1581,865 1581,865 1581,866 1582,867 1582,878 1583,879 1583,888 1586,891 1586,892 1587,893 1587,894 1587,895 1598,895 1599,896 1600,896 1601,896 1601,897 1602,898 1602,899 1603,900 1602,901 1602,903 1601,904 1601,905 1600,906 1598,908 1595,908 1594,909 1535,908 1535,909 1535,910 1533,912 1533,913 1526,919 1416,919 1415,920 1413,920 1412,921 1409,920 1408,921 1404,921 1403,920 1402,920 1401,919 1400,919 1400,919 1400,918 1399,917 788,913 788,914 788,915 787,915 786,915 785,916 784,916 783,917 363,915 363,915 363,916 362,917"/><TextEquiv index="0"><Unicode>to envelop. Tĕgo, 3; obtĕgo, obvolvo, 3; involvo, ŏperio, 4.</Unicode></TextEquiv><TextEquiv index="1"><Unicode>to envelop. Tĕgo, 3; obtĕgo, obvolvo, 3; involvo, ŏperio, 4.</Unicode></TextEquiv></TextLine><TextLine id="l15"><Coords points="868,982 867,981 656,980 655,979 619,978 618,977 327,975 326,976 325,975 320,975 319,974 317,974 315,973 315,967 315,966 90,965 89,964 53,964 52,963 50,963 45,958 45,955 44,954 45,936 49,932 50,932 51,931 52,931 53,930 56,930 57,929 247,930 248,929 264,929 265,929 265,921 266,920 266,919 267,917 270,917 271,916 362,917 363,917 363,927 363,928 365,928 366,929 368,929 369,930 370,930 372,932 791,934 792,934 792,929 793,928 793,924 795,921 796,921 798,919 1060,921 1061,921 1061,920 1061,919 1062,919 1063,918 1064,919 1108,920 1110,921 1110,922 1111,923 1111,924 1112,925 1112,926 1112,927 1270,928 1274,931 1274,937 1275,938 1275,939 1276,940 1275,955 1276,956 1283,956 1284,957 1287,957 1287,957 1287,959 1288,960 1288,964 1287,965 1287,966 1287,967 1286,967 1285,968 1284,968 1283,969 1152,968 1150,969 1150,972 1147,975 1147,976 1147,977 1146,977 1145,978 886,976 883,979 882,979 881,980 880,980 879,981 877,981 876,982"/><TextEquiv index="0"><Unicode>an envelope, or cover, q. v. Tegmen -ĭnis, neut.</Unicode></TextEquiv><TextEquiv index="1"><Unicode>an envelope, or cover, q. v. Tegmen -ĭnis, aeut.</Unicode></TextEquiv></TextLine><TextLine id="l16"><Coords points="46,980 788,985 787,1048 45,1043"/><TextEquiv index="0"><Unicode>to envenom.—See to poison.</Unicode></TextEquiv><TextEquiv index="1"><Unicode>to envenom.—See to poison.</Unicode></TextEquiv></TextLine><TextLine id="l17"><Coords points="1921,1122 1920,1121 1919,1121 1918,1120 1918,1119 1918,1119 1671,1117 1670,1116 1669,1116 1668,1115 1667,1115 1666,1115 1666,1114 1665,1112 1607,1112 1606,1111 1605,1111 1604,1110 1604,1108 1603,1107 1604,1102 1603,1102 1140,1099 1138,1101 1138,1102 1137,1103 1135,1105 1134,1105 1132,1107 1131,1106 1130,1106 1129,1105 1128,1105 1128,1104 1128,1097 1127,1097 748,1094 747,1095 406,1093 405,1094 404,1094 403,1095 295,1094 294,1096 294,1097 289,1101 288,1100 285,1100 284,1099 284,1095 283,1094 61,1093 60,1092 55,1092 54,1091 51,1091 49,1088 49,1087 46,1084 46,1083 45,1082 45,1077 44,1076 44,1071 45,1070 45,1066 45,1066 46,1066 47,1065 47,1064 51,1060 52,1060 53,1059 54,1059 55,1058 58,1058 59,1057 147,1057 148,1057 148,1049 149,1048 149,1047 149,1046 150,1046 152,1044 204,1045 205,1044 206,1045 668,1048 669,1047 922,1048 924,1046 953,1047 955,1049 1591,1053 1592,1052 1593,1053 1594,1053 1595,1054 1753,1055 1754,1056 1795,1056 1796,1057 1806,1057 1807,1058 1824,1058 1826,1060 1826,1061 1827,1062 1827,1068 1827,1068 1986,1069 1987,1070 1988,1070 1989,1071 1989,1072 1990,1073 1990,1084 1991,1085 1991,1088 1992,1089 2010,1089 2011,1090 2012,1090 2013,1091 2013,1092 2014,1093 2014,1095 2013,1096 2013,1097 2010,1099 1995,1099 1995,1100 1995,1103 1994,1104 1994,1105 1991,1107 1978,1107 1977,1108 1933,1108 1932,1108 1932,1120 1932,1121 1931,1121 1930,1122"/><TextEquiv index="0"><Unicode>enviable, i. e. to be envied. Invĭdendus; i. e. to be wished, optabĭlis, optā-</Unicode></TextEquiv><TextEquiv index="1"><Unicode>enviable, i. e. to be envied. Invĭdendus; i. e. to be wihed, optabĭlis, opta-</Unicode></TextEquiv></TextLine><TextLine id="l18"><Coords points="657,1175 656,1174 656,1172 656,1172 498,1171 497,1170 223,1168 222,1167 221,1167 216,1162 216,1161 215,1160 215,1159 214,1158 214,1157 214,1157 122,1156 121,1155 118,1155 115,1153 115,1152 114,1151 114,1134 113,1132 112,1132 110,1130 110,1126 116,1121 117,1121 119,1119 215,1120 215,1119 215,1118 218,1116 266,1116 270,1112 271,1112 272,1111 273,1111 274,1110 387,1111 388,1110 613,1111 614,1110 879,1112 880,1111 1077,1112 1078,1111 1081,1111 1082,1112 1127,1113 1127,1113 1127,1115 1128,1116 1128,1120 1129,1121 1153,1121 1154,1122 1155,1122 1155,1122 1155,1124 1157,1126 1157,1127 1158,1128 1229,1128 1230,1129 1233,1129 1234,1131 1234,1132 1235,1133 1235,1144 1237,1145 1245,1145 1246,1146 1248,1146 1250,1149 1250,1150 1251,1151 1250,1152 1250,1155 1249,1156 1249,1157 1249,1157 1248,1157 1247,1158 1246,1158 1245,1159 1231,1159 1229,1161 961,1160 960,1160 960,1162 959,1163 959,1164 955,1169 742,1167 741,1168 741,1169 740,1170 740,1171 740,1171 737,1171 736,1172 663,1172 662,1172 662,1174 662,1175"/><TextEquiv index="0"><Unicode>tus (often in superl.), expetendus, invĭdiōsus.</Unicode></TextEquiv><TextEquiv index="1"><Unicode>tus (often in superl.), expetendus, invĭdiōsus.</Unicode></TextEquiv></TextLine><TextLine id="l19"><Coords points="1720,1242 1719,1241 1718,1241 1718,1240 1718,1230 1717,1230 1266,1227 1266,1227 1266,1235 1264,1237 1263,1237 1262,1238 1255,1237 1254,1238 1252,1238 1251,1237 1250,1237 1249,1236 1061,1235 1059,1233 530,1230 529,1231 529,1230 529,1229 528,1228 528,1223 527,1223 54,1220 53,1219 52,1219 50,1217 49,1217 47,1215 46,1215 44,1212 44,1211 43,1210 43,1207 42,1206 42,1198 43,1197 43,1194 44,1193 44,1192 49,1187 50,1187 51,1186 52,1186 53,1185 54,1185 55,1184 145,1184 146,1184 146,1175 149,1172 151,1172 152,1171 703,1175 704,1174 1410,1179 1411,1178 1500,1178 1501,1177 1503,1177 1504,1178 1505,1178 1506,1179 1507,1179 1508,1180 1538,1180 1539,1181 1540,1181 1541,1183 1541,1185 1541,1185 1728,1187 1729,1188 1730,1188 1733,1190 1733,1191 1735,1193 1735,1194 1736,1195 1736,1197 1737,1198 1737,1199 1738,1200 1738,1201 1741,1204 1741,1216 1741,1217 1752,1217 1754,1218 1754,1219 1755,1220 1755,1222 1756,1223 1755,1224 1755,1227 1752,1230 1750,1230 1749,1231 1732,1231 1732,1231 1732,1232 1731,1233 1731,1234 1729,1236 1729,1237 1726,1240 1725,1240 1724,1241 1723,1241 1722,1242"/><TextEquiv index="0"><Unicode>envious. Invĭdus, invĭdiōsus, līvĭdus (rare in prose in this sense).</Unicode></TextEquiv><TextEquiv index="1"><Unicode>envious. Invīdus, invĭdiōsus, līvĭdus (rare in prose in this sense).</Unicode></TextEquiv></TextLine><TextLine id="l20"><Coords points="41,1235 634,1239 634,1299 41,1295"/><TextEquiv index="0"><Unicode>enviously. Invĭdiōse.</Unicode></TextEquiv><TextEquiv index="1"><Unicode>enviously. Invĭdiōse.</Unicode></TextEquiv></TextLine><TextLine id="l21"><Coords points="41,1296 1437,1305 1436,1370 40,1361"/><TextEquiv index="0"><Unicode>to environ. Cingo, 3; circumdo, 1.—See to surround.</Unicode></TextEquiv><TextEquiv index="1"><Unicode>to environ. Cingo, 3; circumdo, 1.—See to surround.</Unicode></TextEquiv></TextLine><TextLine id="l22"><Coords points="38,1362 1095,1369 1095,1430 38,1423"/><TextEquiv index="0"><Unicode>environs. Vīcīnia.—See neighbourhood.</Unicode></TextEquiv><TextEquiv index="1"><Unicode>environs. Vīcīnia.—See neighbourhood.</Unicode></TextEquiv></TextLine><TextLine id="l23"><Coords points="38,1426 1939,1438 1938,1502 37,1490"/><TextEquiv index="0"><Unicode>to enumerate. Nŭmĕro, 1; ēnumero, dīnumero, mĕmŏro. 1; commemoro.</Unicode></TextEquiv><TextEquiv index="1"><Unicode>to enumerate. Nŭmĕro, 1; ēnumero, dīnumero, mĕmŏro. 1; commemoro.</Unicode></TextEquiv></TextLine><TextLine id="l24"><Coords points="762,1554 761,1553 761,1543 760,1542 488,1540 487,1541 296,1540 295,1541 97,1540 96,1539 47,1539 46,1538 44,1538 43,1537 42,1537 40,1535 39,1535 39,1534 39,1533 38,1532 38,1531 37,1530 37,1529 36,1528 36,1527 35,1526 35,1516 36,1515 36,1514 37,1513 37,1512 38,1511 38,1510 40,1508 41,1507 42,1507 44,1505 46,1505 47,1504 204,1505 205,1504 285,1504 288,1502 288,1501 291,1498 291,1497 291,1496 308,1496 310,1495 310,1494 311,1492 312,1492 313,1491 315,1491 316,1492 317,1492 318,1493 722,1496 723,1495 724,1496 725,1496 726,1497 727,1497 728,1498 728,1499 729,1500 729,1509 729,1509 1089,1511 1091,1510 1091,1508 1092,1506 1107,1507 1108,1506 1108,1501 1109,1500 1109,1498 1110,1497 1116,1497 1118,1498 1118,1499 1119,1500 1119,1511 1119,1512 1140,1512 1142,1514 1143,1514 1144,1514 1144,1515 1144,1516 1145,1516 1146,1516 1146,1517 1147,1518 1147,1520 1148,1521 1148,1523 1149,1524 1149,1529 1149,1530 1156,1530 1157,1531 1160,1531 1162,1532 1162,1539 1161,1540 1161,1542 1160,1543 1158,1543 1157,1544 948,1542 947,1543 776,1542 775,1544 775,1546 774,1547 774,1548 772,1550 772,1551 771,1551 770,1551 770,1552 770,1553 769,1553 766,1553 765,1554"/><TextEquiv index="0"><Unicode>enumeration. Enumeratio, commemoratio.</Unicode></TextEquiv><TextEquiv index="1"><Unicode>enumeration. Enumeratio, commemoratio.</Unicode></TextEquiv></TextLine><TextLine id="l25"><Coords points="284,1620 283,1620 283,1606 283,1605 52,1604 51,1603 47,1603 46,1602 44,1602 42,1600 42,1599 41,1598 41,1585 40,1584 40,1578 39,1577 38,1577 35,1574 35,1570 40,1566 41,1566 43,1563 43,1562 47,1559 50,1559 51,1558 278,1559 281,1556 465,1557 467,1556 467,1554 469,1551 489,1551 490,1550 491,1551 492,1552 493,1552 493,1553 494,1554 494,1557 494,1558 707,1559 708,1560 712,1560 713,1560 713,1561 713,1562 714,1562 715,1562 714,1593 715,1594 736,1594 737,1596 737,1597 738,1598 738,1604 737,1605 737,1606 736,1607 673,1607 672,1607 672,1608 669,1611 669,1612 668,1613 668,1614 668,1615 667,1615 666,1616 288,1613 287,1614 287,1620 287,1620"/><TextEquiv index="0"><Unicode>to enuntiate. Ēnuntio, 1.</Unicode></TextEquiv><TextEquiv index="1"><Unicode>to enuntiate. Enuntio, 1.</Unicode></TextEquiv></TextLine><TextLine id="l26"><Coords points="124,1668 123,1667 45,1667 44,1666 43,1666 41,1664 40,1664 38,1662 37,1662 35,1659 35,1658 34,1657 34,1654 33,1653 33,1645 34,1644 34,1641 35,1640 35,1639 41,1634 42,1634 43,1633 44,1633 45,1632 46,1632 47,1631 177,1631 178,1630 178,1629 179,1628 179,1627 180,1626 181,1626 182,1625 184,1625 186,1623 201,1624 201,1623 201,1622 204,1620 446,1621 447,1620 447,1616 448,1615 451,1615 452,1614 456,1614 457,1615 470,1615 471,1616 472,1616 473,1618 473,1621 474,1621 669,1623 670,1624 671,1624 671,1624 671,1625 672,1626 672,1637 673,1638 692,1638 693,1639 695,1639 695,1640 696,1640 697,1640 697,1641 700,1644 700,1645 701,1646 701,1647 702,1648 702,1655 702,1656 707,1656 708,1657 711,1657 713,1658 713,1659 714,1660 714,1667 712,1669 710,1669 709,1670 489,1668 488,1669 474,1669 473,1670"/><TextEquiv index="0"><Unicode>enuntiation. Ēnuntiātio.</Unicode></TextEquiv><TextEquiv index="1"><Unicode>enuntiation. Ēnuntiātio.</Unicode></TextEquiv></TextLine><TextLine id="l27"><Coords points="32,1685 577,1689 577,1752 32,1748"/><TextEquiv index="0"><Unicode>an envoy. Lēgātus.</Unicode></TextEquiv><TextEquiv index="1"><Unicode>an envoy. Lēgātus.</Unicode></TextEquiv></TextLine><TextLine id="l28"><Coords points="139,1809 138,1808 137,1808 136,1807 135,1807 133,1805 133,1796 132,1795 48,1795 47,1794 42,1794 41,1793 38,1793 36,1790 36,1789 33,1786 33,1785 32,1784 32,1779 31,1778 31,1773 32,1772 32,1768 33,1768 34,1768 34,1767 34,1766 39,1762 40,1762 41,1761 42,1761 43,1760 46,1760 47,1759 248,1760 248,1759 248,1754 250,1753 251,1753 252,1752 253,1752 254,1751 257,1751 258,1750 337,1750 338,1749 685,1752 686,1751 922,1752 923,1751 1261,1754 1261,1754 1261,1755 1262,1756 1454,1757 1455,1758 1456,1758 1461,1763 1461,1764 1463,1766 1463,1767 1464,1768 1464,1769 1467,1772 1467,1775 1468,1776 1468,1781 1469,1782 1469,1792 1470,1793 1481,1793 1482,1794 1484,1794 1486,1797 1486,1798 1487,1799 1486,1800 1486,1802 1482,1805 1463,1805 1462,1806 1462,1807 1461,1808 1461,1809 1454,1816 1453,1816 1452,1817 1324,1816 1323,1815 913,1812 912,1811 728,1810 726,1808 150,1804 147,1807 146,1807 145,1808 142,1808 141,1809"/><TextEquiv index="0"><Unicode>envy. Invĭdia, invĭdentia, līvor (less common in prose).</Unicode></TextEquiv><TextEquiv index="1"><Unicode>envy. Invĭdia, invĭdentia, lvor (less common in prose).</Unicode></TextEquiv></TextLine><TextLine id="l29"><Coords points="32,1812 2003,1825 2003,1889 32,1876"/><TextEquiv index="0"><Unicode>to envy. Invĭdeo, 2, c. dat. pers., sometimes c. acc. rei; liveo, 2, c. dat. pers.</Unicode></TextEquiv><TextEquiv index="1"><Unicode>to envy. Invĭdeo, 2, c. dat. pers., sometimes c. acc. rei; liveo, 2, c. dat. pers.</Unicode></TextEquiv></TextLine><TextLine id="l30"><Coords points="368,2005 368,2004 369,2003 758,2005 759,2005 759,2003 758,2002 617,2001 615,1999 615,1993 614,1992 81,1989 81,1989 81,1996 79,1998 78,1998 77,1999 67,1999 66,1998 63,1998 62,1997 61,1997 61,1996 61,1987 60,1987 41,1987 40,1986 39,1986 38,1985 37,1985 36,1984 35,1984 34,1983 33,1983 33,1982 33,1981 32,1981 31,1980 31,1980 31,1978 30,1977 29,1977 29,1977 29,1967 30,1966 30,1964 31,1963 31,1962 32,1961 32,1960 33,1959 33,1958 39,1952 41,1952 42,1951 46,1951 47,1950 91,1950 92,1949 92,1944 93,1943 93,1942 96,1940 103,1940 104,1939 105,1940 400,1942 401,1943 416,1943 416,1944 840,1947 841,1946 842,1946 844,1945 877,1945 879,1944 969,1945 970,1944 1112,1945 1113,1944 1173,1944 1174,1945 1175,1945 1176,1946 1177,1946 1177,1947 1318,1948 1321,1950 1321,1951 1322,1952 1322,1954 1322,1955 1346,1955 1347,1956 1349,1956 1350,1957 1350,1958 1351,1959 1351,1963 1351,1963 1406,1963 1407,1965 1430,1965 1431,1966 1432,1966 1435,1968 1435,1979 1436,1980 1436,1982 1436,1983 1446,1983 1447,1984 1448,1984 1451,1986 1451,1992 1448,1995 1433,1995 1432,1996 1431,1996 1430,1997 1216,1995 1216,1996 1216,1997 1215,1998 1215,1999 1214,1999 1212,2001 1211,2001 1210,2002 1209,2002 1208,2003 1014,2002 1012,2004 1010,2004 1009,2005 832,2004 832,2004 832,2007 831,2008"/><TextEquiv index="0"><Unicode>ephemeral. Diurnus; i e. perishable, brĕvis, cădūcus.</Unicode></TextEquiv><TextEquiv index="1"><Unicode>ophemeral. perishable, brĕvis, cădūcus.</Unicode></TextEquiv></TextLine><TextLine id="l31"><Coords points="233,2070 231,2068 231,2067 231,2067 174,2066 173,2065 171,2065 170,2064 169,2064 165,2061 165,2053 165,2052 74,2052 73,2051 37,2051 36,2050 34,2050 30,2045 29,2045 29,2043 28,2042 29,2041 29,2023 34,2019 35,2019 37,2017 40,2017 41,2016 193,2017 194,2016 194,2008 195,2007 195,2006 195,2006 197,2006 198,2005 207,2005 208,2006 366,2007 367,2006 367,2005 367,2005 501,2006 502,2005 502,1998 502,1998 520,1998 521,1997 522,1997 523,1996 526,1998 526,2007 526,2008 726,2009 727,2008 826,2009 827,2008 832,2008 833,2009 971,2010 976,2014 975,2023 976,2024 980,2024 981,2025 1022,2025 1025,2029 1025,2030 1026,2031 1026,2043 1027,2043 1037,2043 1039,2045 1040,2045 1041,2046 1042,2046 1042,2047 1042,2050 1043,2051 1043,2053 1043,2053 1042,2053 1041,2054 1041,2056 1041,2056 1040,2056 1039,2057 1036,2057 1035,2058 947,2057 946,2058 946,2059 945,2060 945,2061 939,2067 938,2067 936,2069 934,2069 933,2068 931,2068 929,2067 929,2066 929,2065 912,2065 909,2063 909,2057 909,2056 618,2054 617,2055 613,2055 612,2056 556,2056 555,2056 555,2066 552,2070 545,2070 544,2069 542,2069 541,2068 541,2067 540,2066 540,2055 540,2055 254,2053 253,2053 253,2064 252,2065 252,2066 251,2067 251,2069 251,2070"/><TextEquiv index="0"><Unicode>an ephemeris. Ĕphēmĕris -ĭdis, fem.</Unicode></TextEquiv><TextEquiv index="1"><Unicode>an ephemeris. Ephemĕris -ĭdis, fem.</Unicode></TextEquiv></TextLine><TextLine id="l32"><Coords points="605,2135 604,2134 273,2132 272,2131 265,2131 265,2131 265,2130 264,2129 65,2128 64,2127 59,2127 59,2126 59,2125 58,2124 58,2116 57,2116 43,2116 42,2115 39,2115 38,2114 35,2114 32,2110 32,2109 28,2105 28,2093 29,2092 29,2090 30,2089 30,2088 31,2087 31,2086 33,2084 34,2084 35,2084 38,2081 41,2081 42,2080 95,2080 95,2079 95,2072 96,2072 97,2072 100,2069 101,2069 102,2068 104,2068 105,2069 316,2070 317,2071 856,2075 857,2074 874,2074 875,2073 1053,2074 1054,2073 1059,2073 1060,2072 1061,2072 1062,2073 1339,2075 1340,2076 1341,2076 1342,2078 1342,2079 1343,2080 1343,2083 1345,2084 1599,2086 1600,2087 1600,2113 1600,2114 1607,2114 1608,2115 1611,2115 1612,2115 1612,2117 1613,2118 1613,2122 1612,2123 1612,2124 1611,2125 1610,2125 1609,2126 1608,2126 1607,2127 1470,2126 1469,2127 1469,2128 1466,2131 1466,2132 1464,2134 1463,2134 1462,2135 1081,2132 1080,2133 1077,2133 1076,2134 892,2133 891,2134 694,2133 693,2134 610,2133 609,2134 608,2134 607,2135"/><TextEquiv index="0"><Unicode>epic. Epĭcus.—An epic poem, ĕpŏs, only som. and acc., neut.</Unicode></TextEquiv><TextEquiv index="1"><Unicode>epic. Epĭcus.—An epic poem, ĕpŏs, only aom. and acc., aet.</Unicode></TextEquiv></TextLine><TextLine id="l33"><Coords points="442,2198 441,2198 441,2197 441,2196 422,2196 421,2195 419,2195 418,2195 418,2184 418,2183 78,2181 77,2181 77,2186 76,2187 76,2188 75,2190 73,2190 72,2191 63,2191 62,2190 61,2190 60,2189 58,2189 57,2188 57,2187 56,2186 56,2179 56,2179 36,2179 33,2176 32,2176 30,2174 30,2173 29,2172 30,2171 29,2170 28,2170 27,2169 27,2168 26,2167 26,2164 25,2163 25,2161 26,2160 26,2159 27,2158 27,2157 28,2156 28,2154 29,2153 29,2150 33,2146 34,2146 35,2145 36,2145 37,2144 93,2144 94,2143 94,2135 95,2134 95,2133 96,2132 98,2132 99,2131 100,2132 103,2132 104,2133 105,2133 106,2133 106,2136 107,2137 107,2144 107,2145 377,2147 378,2146 378,2138 379,2137 379,2136 379,2136 380,2136 381,2135 384,2135 385,2134 386,2135 391,2135 392,2136 409,2136 410,2137 698,2139 699,2138 792,2138 793,2138 793,2137 793,2136 932,2137 933,2136 1203,2138 1205,2140 1205,2141 1206,2142 1206,2152 1206,2152 1280,2153 1281,2154 1300,2154 1301,2155 1306,2155 1307,2156 1308,2156 1309,2156 1309,2157 1310,2158 1310,2169 1311,2170 1311,2172 1311,2173 1320,2173 1322,2174 1322,2175 1322,2176 1323,2176 1323,2176 1323,2182 1321,2185 1306,2185 1305,2186 1251,2185 1249,2187 1038,2186 1037,2187 1037,2189 1037,2189 1036,2189 1035,2190 1035,2193 1035,2193 1033,2193 1032,2194 1031,2194 1030,2195 1028,2195 1027,2194 1026,2194 1024,2193 1024,2186 1024,2185 768,2183 767,2184 652,2184 651,2184 651,2186 648,2189 648,2190 647,2192 463,2190 462,2191 462,2193 461,2194 461,2197 460,2198"/><TextEquiv index="0"><Unicode>epicurean. Epicureus; i. e. luxurious, luxuriosus</Unicode></TextEquiv><TextEquiv index="1"><Unicode>epicurean. Epicureus; i. e. luxurious, luxuriosus.</Unicode></TextEquiv></TextLine><TextLine id="l34"><Coords points="214,2260 213,2259 211,2259 210,2258 149,2257 147,2255 147,2245 147,2244 129,2244 128,2243 34,2243 33,2242 32,2242 31,2240 30,2240 29,2239 28,2239 27,2239 27,2236 26,2235 26,2233 27,2232 27,2231 28,2230 28,2218 29,2217 29,2214 34,2210 35,2210 36,2209 37,2209 38,2208 53,2208 53,2207 53,2206 54,2206 185,2207 185,2206 185,2200 189,2197 460,2198 462,2200 468,2200 469,2201 516,2202 517,2203 528,2203 530,2205 823,2207 823,2206 823,2204 824,2203 824,2202 825,2202 827,2202 828,2201 830,2201 831,2202 832,2202 832,2202 832,2203 833,2204 833,2206 834,2207 998,2208 1000,2210 1000,2233 1001,2234 1008,2234 1009,2235 1010,2235 1011,2236 1011,2237 1012,2238 1013,2238 1013,2238 1013,2241 1014,2242 1014,2243 1013,2243 1012,2243 1012,2246 1012,2247 1011,2247 1010,2248 1009,2248 1008,2249 875,2248 873,2250 873,2252 872,2253 872,2254 870,2255 869,2255 868,2256 864,2256 864,2255 864,2249 864,2249 553,2247 552,2247 552,2250 551,2251 551,2254 550,2255 550,2256 549,2257 548,2257 548,2257 548,2258 547,2259 542,2259 541,2260 538,2260 537,2261 482,2260 481,2261"/><TextEquiv index="0"><Unicode>an epigram. Epĭgramma -atis, neut.</Unicode></TextEquiv><TextEquiv index="1"><Unicode>an epigram. Epĭgramma -tis, aet.</Unicode></TextEquiv></TextLine><TextLine id="l35"><Coords points="584,2330 583,2330 583,2327 583,2326 261,2324 260,2323 258,2323 257,2322 188,2322 188,2322 187,2325 187,2326 185,2326 184,2325 185,2322 184,2322 147,2321 146,2320 145,2320 144,2319 143,2319 143,2319 143,2310 142,2309 127,2309 126,2308 33,2308 32,2307 29,2306 28,2305 27,2305 25,2303 25,2303 25,2302 24,2301 24,2299 25,2298 25,2281 26,2280 26,2279 27,2278 27,2277 30,2273 31,2274 32,2273 34,2273 35,2272 180,2272 181,2272 181,2264 183,2261 184,2262 185,2261 434,2262 435,2262 435,2255 435,2254 453,2254 454,2253 455,2253 456,2252 459,2255 459,2263 459,2263 744,2265 745,2264 747,2264 748,2265 813,2266 814,2266 814,2267 815,2268 815,2272 815,2273 859,2273 860,2274 861,2274 866,2279 867,2279 868,2279 868,2280 870,2282 870,2297 870,2298 880,2298 883,2301 883,2302 884,2303 884,2307 882,2309 882,2310 880,2311 830,2311 829,2312 770,2311 770,2312 770,2317 769,2318 769,2319 768,2320 768,2321 766,2322 765,2322 764,2323 763,2323 762,2324 758,2324 757,2325 589,2324 589,2325 588,2330 588,2330"/><TextEquiv index="0"><Unicode>an epilogue. Ēpĭlŏgus. Quint.</Unicode></TextEquiv><TextEquiv index="1"><Unicode>an epilogue. Epĭlŏgus. Quint.</Unicode></TextEquiv></TextLine><TextLine id="l36"><Coords points="464,2389 463,2388 460,2388 459,2387 458,2387 457,2387 457,2386 455,2384 455,2380 454,2379 454,2377 454,2376 165,2374 164,2375 164,2381 163,2382 163,2383 162,2384 151,2384 150,2385 148,2385 147,2384 145,2384 143,2383 143,2374 143,2373 128,2373 127,2372 33,2372 32,2371 28,2370 24,2367 24,2366 23,2365 23,2363 24,2362 24,2345 25,2344 25,2343 26,2342 26,2341 30,2337 31,2338 32,2337 34,2337 35,2336 180,2336 180,2336 180,2329 181,2328 181,2327 183,2325 398,2327 399,2328 418,2328 419,2329 588,2330 589,2332 589,2333 590,2334 590,2343 591,2343 609,2343 610,2344 611,2344 612,2345 613,2345 614,2346 615,2346 616,2347 617,2347 617,2348 617,2349 618,2350 618,2351 620,2353 620,2354 621,2355 621,2361 622,2361 632,2361 633,2362 634,2362 634,2363 634,2364 635,2365 635,2371 633,2373 631,2373 630,2374 572,2374 571,2375 483,2374 482,2375 482,2379 481,2380 481,2381 480,2382 480,2383 476,2387 475,2387 474,2388 471,2388 470,2389"/><TextEquiv index="0"><Unicode>an episode. Dīgressio.</Unicode></TextEquiv><TextEquiv index="1"><Unicode>an episode. Dīgressio.</Unicode></TextEquiv></TextLine><TextLine id="l37"><Coords points="22,2388 800,2393 799,2457 21,2452"/><TextEquiv index="0"><Unicode>an epistle. Littĕræ, ĕpistŏla.</Unicode></TextEquiv><TextEquiv index="1"><Unicode>an epistle. Littĕræ, ĕpistŏla.</Unicode></TextEquiv></TextLine><TextLine id="l38"><Coords points="409,2518 407,2516 66,2514 65,2513 58,2513 57,2512 54,2512 53,2511 52,2511 51,2510 51,2509 50,2508 50,2500 50,2500 36,2500 35,2499 32,2499 31,2498 30,2497 28,2495 26,2495 23,2493 23,2492 22,2491 22,2490 21,2489 21,2488 20,2487 20,2483 21,2482 21,2481 22,2480 23,2475 24,2474 24,2473 25,2472 25,2471 30,2465 31,2466 32,2465 33,2465 34,2464 35,2464 36,2463 86,2463 87,2462 87,2454 87,2454 88,2454 89,2453 92,2453 93,2452 824,2457 825,2456 826,2456 827,2455 828,2455 829,2454 1237,2456 1238,2455 1239,2456 1280,2457 1281,2458 1282,2458 1283,2458 1283,2466 1283,2467 1346,2467 1348,2469 1348,2472 1349,2473 1349,2474 1349,2474 1350,2474 1351,2475 1353,2477 1353,2478 1354,2479 1353,2494 1355,2495 1365,2495 1366,2496 1367,2496 1367,2497 1367,2498 1368,2499 1368,2503 1368,2503 1367,2503 1365,2505 1365,2506 1364,2507 1362,2507 1361,2508 1031,2506 1030,2507 944,2506 943,2507 943,2515 942,2516 942,2517 941,2518 941,2519 941,2519 940,2519 939,2520 434,2517 433,2518"/><TextEquiv index="0"><Unicode>epistolary. Ēpistŏlĭcus (Gell.); ĕpistŏlāis. Mart.</Unicode></TextEquiv><TextEquiv index="1"><Unicode>epistolary. Epistŏlĭcus (Gell.); ĕpistŏlāis. Mart.</Unicode></TextEquiv></TextLine><TextLine id="l39"><Coords points="180,2580 180,2580 180,2577 179,2576 141,2576 140,2575 139,2575 139,2575 139,2574 138,2573 138,2565 137,2564 25,2563 21,2559 21,2558 20,2557 20,2555 21,2554 21,2537 22,2536 22,2535 23,2534 23,2533 24,2532 25,2532 29,2528 31,2529 32,2528 176,2528 176,2528 176,2523 177,2522 177,2521 181,2517 182,2517 183,2516 579,2519 580,2518 582,2518 583,2519 586,2519 587,2520 620,2520 620,2521 620,2522 621,2523 621,2524 622,2525 622,2533 623,2533 690,2534 691,2535 692,2535 693,2536 694,2536 695,2537 696,2537 697,2538 697,2541 698,2542 698,2554 699,2555 712,2555 715,2558 715,2561 716,2562 714,2564 714,2565 711,2568 710,2568 709,2569 560,2568 560,2568 560,2578 559,2579 558,2579 557,2580 458,2579 458,2580 458,2581 457,2581 183,2580 182,2580"/><TextEquiv index="0"><Unicode>an epitaph. Ēpĭtăphium.</Unicode></TextEquiv><TextEquiv index="1"><Unicode>an epitaph. Epĭtăphium.</Unicode></TextEquiv></TextLine><TextLine id="l40"><Coords points="180,2644 179,2644 180,2630 179,2629 161,2629 161,2630 160,2637 159,2638 159,2639 159,2639 154,2639 153,2640 141,2640 140,2639 139,2639 138,2639 138,2638 137,2637 138,2629 137,2628 23,2627 19,2623 19,2622 18,2621 18,2619 19,2618 19,2601 20,2600 20,2599 21,2598 21,2597 21,2596 22,2596 24,2594 25,2594 27,2592 28,2592 29,2591 175,2592 176,2592 176,2585 177,2584 177,2583 178,2581 179,2581 180,2580 401,2582 402,2581 402,2576 403,2575 422,2575 424,2577 424,2578 425,2579 425,2581 425,2581 455,2581 456,2582 487,2582 488,2584 768,2585 769,2586 783,2586 784,2587 784,2598 784,2598 919,2599 925,2605 925,2619 925,2619 935,2619 936,2620 937,2620 938,2621 939,2621 940,2622 940,2624 941,2625 940,2634 940,2634 937,2634 936,2635 934,2635 933,2634 762,2633 761,2632 758,2632 757,2631 484,2629 483,2630 459,2630 458,2631 455,2631 454,2632 454,2643 452,2645 417,2645 415,2644 415,2643 414,2642 414,2633 414,2632 400,2632 399,2631 187,2630 187,2630 186,2644 186,2645"/><TextEquiv index="0"><Unicode>an epithet. Ēpĭthĕtum. Gramm.</Unicode></TextEquiv><TextEquiv index="1"><Unicode>an epithet. Epĭthĕtum. Gramm.</Unicode></TextEquiv></TextLine><TextLine id="l41"><Coords points="459,2710 458,2709 452,2709 450,2707 450,2697 450,2696 161,2694 160,2695 160,2701 159,2702 159,2703 159,2703 157,2703 156,2704 142,2704 141,2703 139,2703 138,2703 138,2702 137,2701 137,2694 137,2693 124,2693 123,2692 26,2691 25,2690 24,2690 23,2689 22,2689 21,2689 21,2688 20,2687 20,2686 19,2685 19,2665 20,2664 20,2663 24,2659 25,2659 29,2655 175,2656 175,2656 175,2648 176,2647 177,2647 180,2644 416,2646 417,2645 450,2645 451,2646 500,2647 501,2648 502,2648 502,2648 502,2649 503,2650 548,2650 550,2652 550,2662 551,2663 614,2663 615,2664 616,2664 618,2667 618,2668 619,2669 619,2678 620,2678 638,2678 639,2680 639,2681 640,2682 640,2688 639,2689 639,2690 637,2692 637,2693 636,2694 633,2694 632,2695 539,2695 538,2696 469,2695 468,2696 468,2708 467,2708 466,2708 465,2709 464,2709 463,2710"/><TextEquiv index="0"><Unicode>an epitome. Epĭtŏma.</Unicode></TextEquiv><TextEquiv index="1"><Unicode>an epitome. Epĭtŏma.</Unicode></TextEquiv></TextLine><TextLine id="l42"><Coords points="19,2708 752,2713 752,2773 19,2768"/><TextEquiv index="0"><Unicode>to epitomise. Contraho, 3.</Unicode></TextEquiv><TextEquiv index="1"><Unicode>to epitomise. Contraho, 3.</Unicode></TextEquiv></TextLine><TextLine id="l43"><Coords points="148,2832 144,2829 144,2821 144,2820 26,2819 21,2815 21,2814 20,2813 20,2812 19,2811 19,2809 20,2808 20,2807 21,2806 21,2791 22,2790 22,2789 27,2784 31,2785 32,2784 236,2785 236,2784 237,2776 238,2775 238,2774 239,2773 242,2773 243,2772 249,2772 250,2773 251,2773 252,2774 253,2774 253,2775 254,2777 411,2778 414,2781 414,2782 416,2784 428,2784 430,2787 430,2788 431,2789 431,2791 432,2791 487,2791 487,2792 487,2795 488,2796 488,2807 491,2810 498,2810 499,2811 500,2811 501,2812 501,2813 502,2814 502,2818 501,2819 501,2820 501,2821 500,2821 499,2822 495,2822 494,2823 483,2822 482,2823 167,2821 166,2822 166,2829 165,2830 165,2831 165,2831 164,2831 163,2832"/><TextEquiv index="0"><Unicode>an epoch. Ætas.</Unicode></TextEquiv><TextEquiv index="1"><Unicode>an epoch. Ætas.</Unicode></TextEquiv></TextLine><TextLine id="l44"><Coords points="403,2901 400,2898 151,2896 150,2895 149,2895 148,2894 148,2886 147,2885 131,2885 130,2884 25,2883 24,2882 23,2882 22,2881 21,2881 21,2881 21,2880 20,2879 20,2878 19,2877 19,2857 20,2856 20,2855 21,2854 24,2851 25,2851 29,2847 223,2849 223,2848 223,2842 224,2841 224,2840 227,2838 229,2838 230,2837 363,2838 363,2837 363,2832 365,2831 379,2831 381,2829 384,2829 385,2830 386,2830 386,2830 386,2831 387,2832 387,2839 388,2840 476,2840 477,2841 480,2841 481,2842 482,2842 483,2844 483,2846 484,2847 484,2853 485,2853 530,2854 531,2855 538,2855 539,2856 540,2856 540,2856 540,2872 541,2874 551,2874 554,2876 554,2882 553,2883 553,2885 550,2888 447,2887 446,2888 413,2888 413,2889 413,2897 412,2898 412,2899 411,2899 410,2899 409,2900 408,2900 407,2901"/><TextEquiv index="0"><Unicode>an epode. Ēpŏdus.</Unicode></TextEquiv><TextEquiv index="1"><Unicode>an epode. Ēpŏdus.</Unicode></TextEquiv></TextLine><TextLine id="l45"><Coords points="1044,2970 1043,2969 628,2966 627,2965 384,2964 383,2963 382,2963 380,2961 62,2959 59,2956 59,2947 59,2947 32,2947 31,2946 28,2945 26,2943 24,2943 21,2941 21,2940 20,2939 20,2938 19,2937 19,2936 18,2934 18,2932 17,2931 18,2930 18,2929 19,2928 19,2927 20,2926 20,2919 21,2918 21,2917 23,2914 24,2914 27,2911 28,2911 29,2911 148,2911 149,2911 149,2905 150,2904 150,2903 152,2900 161,2900 162,2901 275,2902 276,2903 890,2907 891,2906 892,2906 893,2905 897,2905 898,2906 899,2906 900,2907 1129,2909 1130,2910 1170,2910 1171,2911 1197,2911 1198,2912 1199,2912 1200,2913 1200,2914 1201,2915 1201,2916 1202,2917 1202,2928 1202,2928 1224,2928 1227,2931 1226,2947 1227,2947 1240,2947 1241,2948 1242,2948 1242,2949 1242,2950 1243,2951 1243,2957 1242,2958 1242,2959 1242,2959 1241,2959 1240,2960 1218,2960 1217,2961 1057,2960 1056,2961 1056,2969 1056,2969 1049,2969 1048,2970"/><TextEquiv index="0"><Unicode>equal. Par, păris; æquus, æqualis, æquābĭlis.</Unicode></TextEquiv><TextEquiv index="1"><Unicode>equal. Par, păris; æquus, æqualis, æquabĭlis.</Unicode></TextEquiv></TextLine><TextLine id="l46"><Coords points="1649,3041 1214,3038 1213,3037 1213,3036 1212,3035 1142,3035 1142,3034 1142,3033 1141,3032 1141,3031 1140,3031 818,3029 817,3030 816,3030 815,3031 634,3029 633,3030 630,3030 629,3031 627,3031 627,3031 627,3030 626,3029 445,3028 444,3027 443,3027 443,3027 443,3025 442,3024 156,3022 155,3023 151,3023 150,3024 140,3024 139,3023 138,3023 138,3023 138,3022 137,3021 137,3013 136,3012 60,3012 59,3011 31,3011 30,3010 29,3010 24,3005 24,2986 21,2983 21,2982 20,2981 20,2980 19,2979 19,2977 20,2976 21,2976 21,2976 21,2975 22,2974 23,2974 25,2972 25,2970 30,2966 31,2966 32,2965 226,2966 227,2965 229,2965 230,2964 240,2964 240,2964 240,2965 241,2966 521,2968 522,2967 523,2967 524,2966 526,2966 527,2967 528,2967 530,2969 752,2970 753,2971 784,2971 785,2972 946,2974 947,2975 948,2975 949,2976 949,2977 950,2978 950,2981 951,2982 951,2988 952,2989 1273,2991 1273,2990 1273,2982 1274,2981 1274,2980 1275,2980 1294,2980 1295,2979 1318,2979 1319,2978 1325,2978 1326,2979 1327,2979 1328,2981 1328,2982 1329,2983 1329,2991 1330,2991 1619,2993 1619,2992 1619,2980 1621,2979 1638,2979 1639,2978 1640,2979 1829,2980 1830,2981 1831,2981 1832,2983 1832,2984 1833,2985 1833,3003 1834,3003 1971,3004 1972,3005 1983,3005 1984,3006 1985,3006 1986,3008 1986,3010 1987,3011 1986,3012 1986,3013 1985,3014 1974,3014 1973,3015 1966,3015 1965,3016 1962,3016 1961,3017 1942,3017 1941,3018 1859,3017 1858,3018 1858,3024 1857,3025 1857,3026 1856,3026 1855,3026 1854,3027 1853,3027 1852,3028 1767,3028 1766,3029 1766,3030 1764,3032 1764,3033 1762,3035 1761,3035 1759,3037 1656,3036 1656,3037 1656,3039 1655,3039 1653,3041 1651,3041 1650,3042"/><TextEquiv index="0"><Unicode>to equal (be equal to). Æquo, 1; exæquo, ădæquo, æquĭpăro, 1.—</Unicode></TextEquiv><TextEquiv index="1"><Unicode>to equal (be equal to). Æquo, 1; exæquo, ădæquo, æquĭpăro, 1.—</Unicode></TextEquiv></TextLine><TextLine id="l47"><Coords points="1235,3104 1234,3103 1233,3103 1230,3101 1230,3100 1229,3099 1230,3088 1229,3087 1175,3087 1173,3085 1091,3084 1090,3083 1071,3083 1070,3082 1057,3082 1056,3081 1056,3080 1055,3079 1055,3077 1054,3076 1054,3073 1052,3071 1052,3065 1051,3064 1012,3064 1012,3064 1012,3080 1011,3081 1011,3082 1010,3083 959,3083 959,3083 959,3088 958,3089 957,3092 956,3093 956,3094 954,3097 953,3097 952,3098 945,3098 944,3098 941,3098 940,3097 938,3097 937,3096 936,3096 935,3095 934,3095 933,3095 933,3093 932,3091 932,3083 931,3082 741,3081 740,3082 739,3081 701,3081 700,3080 640,3080 639,3080 636,3080 635,3081 631,3081 630,3080 629,3080 628,3079 590,3079 589,3078 528,3078 527,3079 526,3078 525,3078 524,3077 475,3076 474,3077 473,3077 472,3078 270,3077 270,3078 270,3081 269,3082 269,3086 268,3087 268,3089 266,3090 263,3090 262,3091 250,3091 249,3090 248,3090 246,3088 245,3088 244,3086 244,3083 243,3082 243,3076 242,3076 126,3075 125,3076 85,3076 84,3074 84,3073 83,3072 83,3070 83,3070 84,3070 85,3069 85,3030 85,3030 86,3030 87,3029 88,3029 89,3028 91,3028 92,3029 127,3029 128,3030 129,3030 130,3031 131,3031 133,3033 133,3045 133,3045 196,3046 197,3045 197,3032 197,3032 198,3032 200,3030 203,3030 204,3031 205,3031 207,3032 207,3033 208,3034 208,3045 208,3046 293,3046 294,3046 294,3032 294,3031 297,3031 298,3030 301,3030 302,3031 305,3031 306,3032 306,3033 307,3034 307,3045 307,3045 420,3046 421,3046 421,3045 422,3044 422,3043 423,3041 424,3041 425,3040 465,3040 466,3039 478,3039 479,3039 479,3035 481,3032 482,3032 483,3031 484,3031 485,3030 486,3031 488,3032 491,3034 491,3045 492,3047 540,3047 542,3045 542,3044 543,3043 543,3042 545,3040 546,3041 549,3041 550,3041 550,3044 553,3048 637,3048 638,3049 754,3050 755,3050 755,3047 756,3046 756,3043 757,3041 758,3041 759,3040 763,3040 764,3041 765,3041 766,3042 767,3042 768,3043 768,3044 769,3045 769,3050 769,3050 778,3050 779,3051 820,3052 821,3051 838,3051 840,3049 840,3048 841,3047 841,3046 842,3045 842,3044 843,3043 844,3044 845,3044 846,3044 846,3045 847,3046 847,3047 848,3048 848,3049 849,3051 965,3052 966,3051 966,3050 968,3048 968,3047 969,3046 981,3046 982,3045 982,3040 983,3039 983,3037 984,3036 991,3036 994,3038 994,3051 994,3052 1004,3052 1006,3054 1048,3054 1049,3053 1096,3053 1097,3052 1104,3053 1105,3054 1128,3054 1129,3055 1132,3055 1133,3056 1181,3056 1182,3055 1183,3056 1216,3056 1217,3057 1287,3058 1288,3057 1288,3044 1289,3043 1296,3043 1298,3044 1298,3045 1299,3046 1299,3057 1299,3058 1318,3058 1319,3059 1371,3059 1372,3058 1403,3058 1404,3058 1435,3058 1436,3059 1521,3059 1522,3058 1579,3059 1580,3058 1580,3043 1580,3043 1583,3043 1584,3042 1586,3042 1587,3043 1588,3043 1590,3044 1590,3045 1591,3046 1591,3050 1591,3051 1627,3051 1628,3052 1629,3052 1630,3052 1630,3054 1634,3059 1689,3059 1690,3059 1690,3049 1691,3048 1691,3047 1693,3044 1694,3044 1695,3043 1696,3044 1697,3044 1700,3047 1700,3048 1701,3049 1701,3050 1701,3050 1714,3051 1715,3052 1716,3052 1717,3052 1717,3055 1722,3060 1722,3061 1723,3062 1723,3063 1724,3064 1724,3077 1724,3078 1768,3078 1769,3077 1769,3060 1769,3060 1770,3060 1771,3059 1780,3059 1781,3058 1811,3058 1812,3057 1813,3058 1840,3058 1841,3059 1844,3059 1845,3060 1846,3060 1847,3061 1888,3062 1889,3061 1891,3061 1892,3060 1894,3060 1895,3059 1913,3059 1914,3058 1914,3046 1914,3046 1915,3046 1916,3045 1919,3045 1920,3044 1951,3044 1952,3045 1953,3045 1954,3046 1955,3046 1956,3047 1956,3050 1957,3051 1957,3061 1957,3061 1976,3061 1977,3062 1978,3062 1979,3063 1980,3063 1981,3064 1982,3064 1983,3065 1983,3066 1986,3069 1986,3072 1987,3073 1986,3074 1986,3083 1985,3084 1985,3087 1984,3087 1983,3087 1982,3088 1981,3088 1980,3089 1979,3089 1978,3090 1975,3090 1974,3091 1932,3091 1931,3090 1928,3090 1927,3089 1892,3089 1891,3088 1889,3088 1887,3085 1887,3083 1886,3082 1886,3071 1885,3071 1845,3070 1844,3071 1843,3071 1843,3072 1843,3088 1842,3088 1841,3088 1840,3089 1735,3089 1735,3089 1735,3090 1734,3091 1734,3092 1733,3093 1732,3095 1731,3097 1730,3097 1729,3098 1728,3098 1727,3099 1725,3099 1724,3098 1724,3097 1723,3096 1724,3090 1723,3090 1625,3089 1624,3088 1573,3088 1572,3089 1545,3088 1544,3089 1518,3089 1518,3090 1517,3101 1515,3103 1507,3103 1506,3102 1503,3102 1501,3101 1502,3091 1501,3090 1473,3090 1472,3089 1387,3088 1387,3089 1386,3096 1385,3097 1385,3099 1383,3101 1382,3101 1381,3102 1381,3103 1381,3103 1380,3103 1379,3104 1369,3104 1368,3103 1367,3103 1366,3102 1365,3102 1364,3101 1363,3101 1360,3099 1360,3096 1359,3095 1359,3094 1358,3093 1359,3090 1358,3089 1249,3088 1249,3089 1249,3090 1248,3091 1247,3094 1246,3095 1246,3097 1245,3098 1245,3099 1244,3100 1244,3101 1242,3103 1240,3103 1239,3104"/><TextEquiv index="0"><Unicode>Having learnt that no one’s strength was any longer equal to it, nor able</Unicode></TextEquiv><TextEquiv index="1"><Unicode>Having learnt that no one's strength was any longer equal to it, nor able</Unicode></TextEquiv></TextLine><TextLine id="l48"><Coords points="1502,3168 1500,3167 1500,3163 1499,3162 1499,3156 1499,3155 991,3152 990,3152 990,3154 989,3155 989,3156 987,3159 986,3159 984,3161 976,3161 972,3157 972,3152 975,3150 977,3150 977,3149 977,3148 977,3148 904,3147 903,3146 410,3143 409,3142 92,3140 91,3139 89,3139 86,3136 86,3135 85,3134 85,3118 84,3117 84,3116 83,3115 82,3115 81,3114 81,3109 83,3108 84,3108 84,3107 85,3106 85,3105 90,3101 93,3101 94,3100 223,3101 223,3100 223,3098 224,3097 224,3096 225,3096 226,3096 228,3094 369,3095 370,3094 376,3094 377,3095 499,3096 500,3097 831,3099 832,3100 989,3101 990,3102 1130,3103 1131,3104 1131,3105 1132,3106 1517,3108 1517,3109 1517,3110 1518,3111 1518,3117 1519,3117 1877,3120 1877,3119 1877,3117 1878,3116 1878,3115 1882,3111 1882,3110 1883,3110 1884,3110 1886,3108 1888,3108 1889,3107 1891,3107 1892,3108 1893,3108 1895,3110 1895,3111 1896,3112 1896,3113 1897,3114 1897,3120 1898,3121 1949,3121 1950,3122 1957,3122 1958,3123 1959,3123 1960,3124 1977,3124 1978,3125 1979,3125 1980,3126 1981,3126 1983,3129 1983,3130 1985,3132 1985,3134 1986,3135 1986,3137 1985,3138 1985,3149 1985,3149 1984,3149 1980,3153 1978,3153 1977,3154 1826,3153 1825,3154 1723,3154 1721,3155 1721,3156 1717,3161 1606,3160 1605,3160 1605,3164 1605,3165 1604,3165 1603,3166 1512,3165 1511,3166 1511,3167 1511,3167 1510,3167 1509,3168"/><TextEquiv index="0"><Unicode>to endure the labour. Edocti nec jam vires sufficere cujusquam, nec ferre</Unicode></TextEquiv><TextEquiv index="1"><Unicode>to endure the labour. Edocti nec jam vires sufficere cujusquam, nec ferre</Unicode></TextEquiv></TextLine><TextLine id="l49"><Coords points="82,3155 790,3160 789,3223 81,3218"/><TextEquiv index="0"><Unicode>operis laborem posse. Cæs.</Unicode></TextEquiv><TextEquiv index="1"><Unicode>operis laborem posse. Cæs.</Unicode></TextEquiv></TextLine><TextLine id="l50"><Coords points="1302,3295 1296,3295 1295,3294 1295,3293 1295,3293 1155,3292 1154,3291 1153,3291 1152,3290 1152,3289 1151,3288 657,3285 656,3286 654,3286 653,3285 515,3284 514,3283 63,3280 62,3279 60,3279 59,3278 59,3277 58,3276 58,3268 58,3268 34,3268 33,3267 28,3267 27,3265 24,3265 23,3265 23,3263 19,3259 19,3258 18,3257 18,3245 19,3244 19,3242 20,3241 21,3239 22,3238 22,3237 23,3236 23,3235 25,3233 25,3232 25,3231 26,3231 27,3230 28,3231 29,3230 144,3230 145,3230 145,3223 147,3220 152,3220 153,3219 174,3219 175,3218 279,3219 280,3220 281,3220 282,3221 903,3225 904,3226 1106,3228 1107,3228 1107,3229 1107,3230 1911,3235 1912,3234 1914,3234 1915,3233 1919,3233 1920,3234 1921,3234 1922,3235 1940,3235 1942,3237 1942,3238 1943,3239 1942,3250 1943,3250 1959,3250 1960,3251 1963,3251 1964,3252 1965,3252 1965,3253 1965,3254 1966,3255 1966,3256 1967,3257 1967,3258 1968,3258 1985,3258 1986,3259 1987,3259 1988,3261 1988,3265 1986,3267 1984,3267 1983,3268 1968,3268 1967,3269 1967,3273 1966,3274 1966,3277 1965,3278 1965,3279 1965,3279 1964,3279 1963,3280 1962,3280 1961,3281 1696,3279 1695,3280 1648,3280 1647,3281 1526,3280 1525,3281 1525,3291 1525,3291 1524,3291 1523,3292 1522,3292 1521,3293 1308,3292 1305,3295 1304,3295 1303,3296"/><TextEquiv index="0"><Unicode>equalisation. Æquātio, exæquatio.—A principle of equalisation was dis-</Unicode></TextEquiv><TextEquiv index="1"><Unicode>equalisation. Æquātio, exæquatio.—A principle of equalisation was dis-</Unicode></TextEquiv></TextLine><TextLine id="l51"><Coords points="1365,3357 1364,3357 1363,3356 1362,3356 1360,3354 1360,3352 1359,3351 1359,3344 1358,3343 1327,3343 1326,3344 1325,3343 1269,3343 1264,3343 1263,3344 1226,3343 1225,3342 1224,3342 1223,3341 1138,3341 1137,3340 1095,3339 1095,3340 1095,3344 1094,3345 1094,3347 1093,3348 1093,3350 1089,3353 1088,3353 1087,3354 1086,3354 1085,3355 1075,3355 1074,3354 1072,3354 1070,3352 1069,3352 1068,3351 1068,3350 1067,3349 1067,3346 1066,3345 1066,3341 1065,3340 1047,3340 1046,3339 979,3339 936,3338 935,3339 929,3339 928,3338 905,3338 904,3337 863,3337 862,3336 798,3336 797,3337 764,3336 763,3337 761,3337 760,3336 716,3336 715,3337 713,3337 712,3336 634,3335 634,3336 634,3347 631,3349 630,3349 629,3350 628,3349 621,3349 621,3349 621,3348 620,3347 620,3336 619,3335 590,3335 589,3334 587,3334 586,3333 535,3333 534,3332 489,3332 488,3333 472,3332 471,3333 463,3333 462,3332 374,3332 373,3331 372,3331 372,3330 371,3329 371,3328 369,3327 332,3326 332,3327 332,3329 330,3331 330,3336 329,3337 329,3339 326,3342 326,3343 323,3345 322,3345 321,3346 318,3346 317,3347 316,3346 313,3346 312,3345 311,3345 311,3345 311,3344 310,3343 310,3333 309,3332 291,3332 290,3331 169,3330 168,3329 167,3329 123,3329 122,3330 98,3330 97,3331 91,3331 90,3330 89,3330 88,3329 87,3329 86,3328 85,3328 84,3326 84,3325 83,3324 83,3323 82,3322 82,3319 81,3318 81,3314 82,3313 82,3310 84,3308 84,3307 85,3306 85,3305 89,3302 90,3302 91,3301 93,3301 94,3300 95,3300 96,3299 122,3299 123,3300 193,3301 194,3300 205,3300 206,3299 207,3300 209,3300 210,3301 249,3301 249,3300 249,3288 252,3286 255,3286 256,3285 258,3285 259,3286 292,3286 292,3287 292,3288 293,3289 293,3290 294,3291 294,3298 295,3299 295,3300 296,3300 404,3301 404,3300 404,3288 406,3287 407,3287 408,3286 411,3286 412,3285 413,3286 482,3286 483,3285 487,3286 488,3287 489,3287 490,3288 490,3289 491,3290 491,3301 492,3302 530,3302 531,3300 531,3298 534,3296 535,3296 536,3295 547,3295 547,3294 547,3288 549,3287 550,3287 551,3286 555,3286 556,3287 557,3287 558,3288 558,3289 559,3290 559,3301 560,3302 568,3302 570,3304 635,3304 636,3303 664,3304 665,3305 807,3306 807,3305 807,3292 810,3290 815,3290 816,3289 819,3292 820,3292 820,3292 820,3304 821,3305 838,3305 839,3306 910,3306 911,3307 962,3308 963,3306 963,3305 964,3304 964,3303 967,3301 978,3301 978,3300 978,3294 981,3292 983,3292 984,3291 989,3291 989,3291 989,3292 991,3294 991,3305 993,3307 994,3307 995,3308 1000,3308 1001,3309 1097,3309 1097,3309 1097,3296 1098,3295 1098,3294 1099,3294 1107,3294 1109,3296 1109,3297 1110,3298 1110,3302 1111,3303 1139,3303 1140,3304 1180,3304 1181,3303 1192,3303 1192,3303 1192,3299 1193,3298 1193,3297 1195,3295 1199,3295 1200,3296 1201,3296 1201,3297 1201,3298 1202,3299 1202,3300 1203,3301 1203,3311 1205,3312 1252,3313 1253,3311 1253,3310 1254,3309 1254,3308 1255,3307 1255,3306 1256,3306 1257,3306 1258,3305 1259,3306 1260,3306 1261,3307 1307,3307 1307,3306 1307,3299 1309,3298 1313,3298 1314,3299 1315,3299 1316,3300 1316,3309 1317,3310 1317,3311 1318,3312 1319,3312 1320,3313 1380,3313 1381,3312 1382,3312 1383,3311 1541,3312 1541,3312 1541,3300 1542,3299 1543,3299 1544,3298 1547,3298 1548,3297 1552,3297 1552,3298 1552,3299 1553,3300 1553,3302 1554,3303 1554,3310 1555,3310 1609,3311 1610,3312 1680,3312 1680,3312 1680,3299 1684,3295 1688,3295 1689,3296 1690,3296 1692,3299 1692,3300 1693,3301 1693,3304 1694,3304 1722,3305 1725,3308 1725,3311 1726,3312 1870,3313 1870,3312 1870,3300 1871,3299 1871,3298 1872,3298 1881,3298 1881,3298 1881,3299 1882,3300 1882,3312 1883,3313 1969,3313 1969,3313 1969,3301 1971,3299 1973,3299 1974,3298 1976,3298 1977,3299 1979,3299 1980,3301 1980,3302 1981,3303 1981,3336 1982,3337 1982,3340 1983,3341 1982,3342 1982,3343 1981,3343 1980,3343 1979,3344 1974,3344 1973,3345 1956,3345 1955,3344 1949,3344 1948,3343 1947,3343 1946,3342 1907,3342 1906,3343 1904,3343 1903,3344 1899,3344 1898,3345 1897,3344 1852,3343 1851,3344 1850,3344 1849,3345 1835,3345 1834,3344 1833,3344 1832,3343 1764,3343 1763,3342 1726,3342 1725,3343 1704,3342 1703,3343 1676,3343 1676,3344 1676,3349 1675,3350 1675,3351 1674,3352 1674,3353 1672,3354 1671,3354 1670,3355 1669,3355 1668,3356 1667,3356 1666,3357 1665,3357 1664,3358 1658,3358 1657,3357 1656,3357 1655,3356 1652,3356 1651,3355 1651,3352 1650,3351 1650,3344 1649,3343 1604,3343 1603,3342 1564,3342 1563,3343 1560,3343 1559,3344 1558,3343 1555,3343 1554,3341 1517,3341 1516,3342 1513,3342 1512,3343 1510,3343 1509,3342 1467,3342 1466,3343 1465,3343 1464,3344 1463,3343 1460,3343 1459,3342 1433,3342 1431,3340 1419,3340 1418,3339 1381,3338 1380,3340 1380,3341 1379,3342 1379,3343 1377,3345 1377,3349 1376,3350 1376,3351 1375,3352 1375,3353 1374,3353 1373,3353 1370,3356 1369,3356 1368,3357 1367,3357 1366,3358"/><TextEquiv index="0"><Unicode>covered by which the poorer classes thought that they were brought on a level</Unicode></TextEquiv><TextEquiv index="1"><Unicode>covered by which the poorer classes thought that they were brought on a level</Unicode></TextEquiv></TextLine><TextLine id="l52"><Coords points="868,3420 867,3419 867,3416 867,3416 672,3415 671,3414 670,3414 669,3413 668,3413 667,3412 667,3411 666,3410 666,3400 666,3400 474,3398 473,3397 154,3395 153,3394 133,3394 132,3393 95,3393 94,3392 93,3392 93,3391 92,3390 92,3389 91,3388 91,3384 90,3383 90,3377 87,3374 87,3373 84,3371 83,3371 83,3370 83,3369 82,3368 82,3364 84,3362 88,3362 89,3361 130,3361 131,3361 131,3350 132,3348 166,3348 167,3347 168,3347 169,3346 243,3347 244,3348 248,3348 249,3349 577,3351 578,3352 588,3352 590,3354 1014,3357 1015,3358 1017,3358 1018,3358 1018,3359 1020,3361 1020,3364 1020,3365 1495,3368 1496,3367 1597,3368 1598,3367 1598,3364 1599,3363 1599,3362 1600,3361 1601,3361 1602,3360 1606,3360 1607,3361 1925,3363 1926,3364 1927,3364 1928,3364 1928,3367 1929,3368 1929,3375 1929,3376 1938,3376 1939,3377 1942,3377 1943,3378 1954,3378 1958,3382 1959,3382 1960,3383 1960,3384 1961,3385 1961,3388 1961,3388 1980,3388 1981,3389 1981,3390 1982,3391 1982,3392 1983,3393 1980,3395 1979,3395 1978,3396 1977,3396 1976,3397 1964,3397 1964,3398 1963,3407 1961,3409 1882,3409 1881,3409 1881,3420 1879,3423 1878,3423 1877,3424 1869,3424 1868,3423 1865,3423 1864,3422 1864,3421 1863,3420 1863,3410 1863,3410 1399,3406 1398,3407 1398,3419 1397,3420 1396,3420 1395,3421 1394,3420 1335,3420 1333,3419 1333,3418 1332,3417 1332,3410 1332,3409 873,3406 872,3407 872,3420 872,3420"/><TextEquiv index="0"><Unicode>with the nobles. Temperamentum inventum est, quo tenuiores cum prin-</Unicode></TextEquiv><TextEquiv index="1"><Unicode>with the nobles. Temperamentum inventum est, quo tenuiores cum prin-</Unicode></TextEquiv></TextLine><TextLine id="l53"><Coords points="244,3474 128,3473 127,3472 126,3472 124,3470 124,3458 124,3457 90,3457 88,3455 87,3455 85,3453 85,3452 83,3450 83,3449 82,3448 82,3447 81,3446 81,3442 82,3441 82,3434 85,3431 85,3430 87,3429 88,3429 89,3428 90,3428 91,3427 108,3427 108,3427 108,3415 109,3414 109,3413 110,3412 111,3412 112,3411 176,3411 177,3410 178,3411 181,3412 182,3413 183,3413 184,3414 841,3418 842,3417 844,3417 845,3418 848,3418 849,3419 856,3419 857,3420 874,3420 874,3421 874,3422 875,3423 875,3433 876,3433 890,3433 891,3434 896,3434 898,3436 899,3436 901,3439 901,3440 902,3441 902,3452 903,3452 910,3452 915,3458 915,3462 914,3463 914,3464 913,3465 912,3465 911,3466 754,3465 753,3466 752,3466 751,3467 554,3466 553,3466 553,3472 552,3473 552,3474 550,3476 246,3474 245,3475"/><TextEquiv index="0"><Unicode>cipibus æquari se putarent. Cic.</Unicode></TextEquiv><TextEquiv index="1"><Unicode>cipibus æquari se putarent.. Cic.</Unicode></TextEquiv></TextLine><TextLine id="l54"><Coords points="771,3543 770,3542 767,3542 766,3541 765,3541 764,3540 471,3538 469,3536 136,3534 135,3533 131,3533 129,3531 129,3522 128,3521 29,3521 28,3520 27,3520 27,3519 24,3516 24,3515 23,3514 23,3496 22,3495 21,3495 19,3493 19,3489 20,3488 20,3487 21,3486 21,3485 21,3484 22,3484 23,3484 23,3483 24,3482 24,3481 25,3480 25,3479 27,3477 28,3477 29,3476 216,3477 217,3476 218,3476 219,3475 248,3475 250,3477 433,3478 434,3479 930,3482 931,3483 932,3483 934,3485 934,3486 935,3487 935,3497 935,3497 953,3498 954,3499 1055,3499 1056,3500 1058,3500 1059,3501 1060,3501 1061,3502 1062,3502 1064,3504 1065,3504 1066,3505 1066,3509 1068,3511 1068,3514 1069,3515 1069,3516 1069,3516 1077,3516 1078,3517 1080,3517 1082,3519 1082,3522 1084,3524 1083,3525 1083,3530 1080,3532 1079,3532 1078,3533 1011,3533 1011,3533 1011,3540 1010,3541 1009,3541 1007,3543 1006,3543 1005,3544 1002,3544 1001,3545"/><TextEquiv index="0"><Unicode>to equalise. Æquo, 1; exæquo, ădæquo.</Unicode></TextEquiv><TextEquiv index="1"><Unicode>to equalise. Æquo, 1; exæquo, ădæquo.</Unicode></TextEquiv></TextLine><TextLine id="l55"><Coords points="674,3606 673,3605 672,3605 670,3603 403,3601 402,3600 211,3599 210,3598 209,3598 208,3597 64,3596 63,3595 59,3595 56,3592 56,3583 56,3583 31,3583 30,3582 28,3582 27,3581 25,3580 20,3576 20,3575 19,3574 19,3572 18,3571 18,3563 19,3562 19,3560 20,3559 20,3555 21,3554 21,3553 22,3552 22,3551 23,3550 24,3550 25,3549 26,3549 27,3549 28,3549 29,3548 31,3548 32,3547 140,3547 141,3547 141,3543 142,3542 142,3541 143,3539 144,3539 145,3538 174,3538 175,3539 505,3542 506,3541 507,3541 508,3540 510,3540 512,3541 512,3544 512,3545 775,3546 776,3547 776,3548 776,3548 777,3548 778,3549 777,3560 778,3560 795,3561 796,3562 797,3562 798,3563 799,3563 800,3564 801,3564 802,3565 803,3565 803,3565 803,3566 804,3567 804,3568 806,3570 806,3571 807,3572 807,3579 808,3580 818,3580 819,3581 820,3581 822,3583 822,3589 821,3590 821,3591 820,3592 820,3593 820,3594 818,3594 817,3595 689,3594 688,3594 688,3601 686,3604 685,3604 684,3605 681,3605 680,3606"/><TextEquiv index="0"><Unicode>equality. Æqualĭtas, æquatio.</Unicode></TextEquiv><TextEquiv index="1"><Unicode>equality. Æqualĭtas, æquatio.</Unicode></TextEquiv></TextLine><TextLine id="l56"><Coords points="1308,3676 1307,3675 1306,3675 1304,3673 726,3669 725,3670 724,3669 388,3667 387,3666 376,3666 375,3664 375,3663 374,3663 183,3662 182,3661 60,3660 59,3659 57,3659 57,3658 57,3648 56,3648 31,3648 30,3647 27,3647 26,3646 25,3645 24,3644 23,3644 22,3643 21,3643 19,3641 19,3630 18,3629 18,3626 19,3625 19,3621 22,3618 22,3616 27,3612 30,3612 31,3611 139,3611 139,3611 139,3605 141,3603 141,3602 142,3601 168,3601 169,3602 174,3602 175,3603 603,3606 604,3608 604,3609 605,3609 1244,3613 1246,3611 1414,3613 1414,3612 1414,3592 1415,3592 1416,3592 1416,3591 1416,3590 1417,3590 1419,3590 1419,3590 1419,3591 1420,3592 1423,3592 1423,3592 1423,3610 1424,3611 1723,3613 1725,3615 1725,3623 1726,3624 1737,3624 1738,3625 1955,3626 1956,3628 1956,3630 1957,3631 1957,3642 1958,3643 1958,3644 1959,3645 1977,3645 1978,3646 1979,3646 1980,3647 1980,3651 1979,3652 1979,3653 1978,3653 1976,3653 1975,3654 1962,3654 1962,3655 1962,3659 1961,3660 1961,3661 1960,3662 1960,3663 1958,3664 1957,3664 1956,3665 1942,3665 1941,3666 1900,3666 1900,3666 1900,3674 1899,3675 1899,3676 1898,3677 1893,3677 1892,3678 1319,3674 1318,3675 1314,3675 1313,3676"/><TextEquiv index="0"><Unicode>equally. Æque, părĭter, juxta; i. e. in equal portions, æquālĭter æquā-</Unicode></TextEquiv><TextEquiv index="1"><Unicode>equally. Æque, părĭter, juxta; i. e. in equal portions, æqualĭter æqua-</Unicode></TextEquiv></TextLine><TextLine id="l57"><Coords points="1415,3742 1414,3741 1414,3740 1414,3740 1413,3740 1412,3739 1411,3739 1409,3737 1409,3725 1409,3725 1297,3724 1296,3723 1268,3723 1238,3722 1237,3723 1210,3723 1209,3724 1209,3734 1209,3734 1208,3734 1207,3735 1205,3735 1204,3736 1198,3736 1197,3735 1195,3735 1194,3734 1193,3734 1192,3734 1192,3724 1192,3723 1169,3723 1168,3722 1118,3722 1117,3722 1117,3724 1116,3725 1116,3726 1115,3728 1114,3728 1110,3731 1110,3732 1110,3733 1109,3733 1108,3734 1105,3734 1103,3732 1103,3723 1103,3723 1012,3722 1011,3721 1000,3721 999,3720 998,3720 996,3718 996,3717 995,3716 995,3714 994,3713 994,3711 994,3711 954,3711 953,3711 953,3713 952,3714 952,3716 951,3717 951,3718 950,3719 950,3722 949,3723 949,3724 948,3725 948,3726 947,3727 947,3728 946,3729 946,3730 945,3731 945,3732 943,3735 941,3734 940,3735 939,3735 938,3736 936,3736 935,3735 934,3735 931,3733 931,3732 930,3731 930,3722 930,3721 876,3721 875,3720 837,3720 836,3720 836,3732 835,3734 834,3734 833,3735 832,3734 821,3734 819,3732 819,3731 818,3730 818,3720 818,3720 791,3720 790,3718 789,3718 788,3717 745,3717 744,3718 741,3718 740,3719 621,3718 620,3719 618,3719 617,3718 614,3718 613,3717 514,3717 513,3717 513,3728 511,3731 507,3731 506,3732 498,3732 497,3731 496,3731 495,3730 495,3729 494,3728 494,3717 494,3717 433,3716 432,3717 430,3717 429,3716 324,3715 323,3716 296,3716 295,3715 286,3715 285,3714 246,3714 245,3715 243,3715 242,3716 239,3716 238,3715 222,3715 221,3714 175,3713 174,3714 173,3713 99,3713 98,3714 97,3714 96,3715 94,3715 90,3711 84,3711 83,3710 82,3710 81,3709 81,3707 80,3706 81,3673 80,3672 80,3668 80,3668 81,3668 82,3667 84,3667 85,3666 106,3666 107,3666 107,3665 107,3664 108,3665 125,3665 126,3666 127,3666 128,3667 145,3667 146,3668 161,3668 163,3670 163,3676 163,3676 173,3676 174,3677 175,3677 180,3683 230,3683 231,3684 232,3684 235,3686 235,3687 236,3688 235,3702 236,3703 244,3703 245,3704 246,3704 246,3704 246,3705 247,3706 247,3708 248,3709 282,3709 282,3709 283,3672 285,3669 304,3669 305,3670 307,3670 308,3671 308,3684 308,3684 408,3685 409,3684 441,3684 442,3684 442,3671 443,3669 446,3669 447,3668 451,3668 454,3671 454,3672 455,3673 455,3684 455,3684 459,3684 460,3685 527,3686 528,3685 528,3672 529,3671 530,3671 531,3670 532,3671 536,3671 538,3672 538,3673 539,3674 539,3685 539,3686 573,3686 574,3687 640,3688 641,3687 669,3687 670,3688 710,3688 711,3687 712,3688 739,3688 740,3689 743,3689 745,3691 785,3691 786,3691 786,3690 786,3689 787,3689 788,3688 789,3688 790,3687 792,3688 793,3689 796,3689 797,3690 895,3690 896,3690 896,3677 897,3675 898,3675 899,3674 923,3674 924,3675 925,3675 926,3676 926,3677 927,3678 927,3689 927,3689 993,3690 994,3691 1033,3691 1034,3691 1034,3680 1037,3676 1073,3676 1074,3675 1077,3675 1078,3676 1080,3676 1081,3677 1081,3678 1082,3679 1082,3683 1083,3684 1083,3690 1084,3691 1084,3691 1093,3691 1096,3694 1096,3695 1097,3696 1097,3702 1097,3703 1097,3709 1098,3710 1140,3710 1140,3709 1141,3698 1142,3697 1142,3695 1145,3692 1165,3692 1166,3691 1167,3692 1252,3693 1253,3692 1255,3692 1256,3693 1302,3693 1303,3692 1304,3693 1365,3693 1366,3693 1366,3680 1367,3678 1369,3678 1370,3677 1374,3677 1375,3678 1376,3678 1378,3680 1378,3681 1379,3682 1379,3685 1380,3686 1380,3693 1380,3693 1412,3694 1413,3695 1465,3695 1466,3694 1486,3694 1487,3694 1487,3682 1488,3681 1488,3680 1488,3679 1489,3679 1490,3678 1492,3678 1493,3679 1494,3679 1495,3680 1495,3681 1496,3682 1496,3686 1496,3686 1511,3686 1514,3689 1514,3692 1515,3693 1564,3694 1565,3693 1566,3694 1567,3694 1568,3695 1625,3695 1626,3696 1691,3696 1692,3696 1692,3695 1693,3694 1693,3690 1694,3689 1694,3688 1698,3683 1699,3683 1700,3682 1702,3682 1704,3680 1759,3681 1763,3684 1763,3689 1764,3690 1764,3695 1764,3696 1877,3697 1878,3696 1878,3684 1880,3682 1929,3682 1931,3683 1931,3684 1932,3685 1932,3695 1932,3696 1978,3696 1979,3697 1980,3697 1981,3698 1981,3701 1978,3703 1977,3703 1974,3706 1974,3707 1973,3708 1973,3709 1971,3711 1971,3715 1970,3716 1970,3717 1969,3718 1969,3721 1968,3722 1968,3723 1967,3724 1967,3725 1966,3726 1966,3727 1965,3728 1965,3731 1965,3731 1964,3731 1963,3732 1963,3735 1960,3738 1960,3739 1960,3739 1959,3739 1957,3741 1955,3741 1954,3740 1953,3740 1949,3737 1949,3736 1948,3735 1948,3729 1948,3728 1935,3728 1934,3727 1856,3726 1855,3727 1848,3727 1847,3726 1780,3726 1779,3727 1746,3727 1745,3728 1651,3727 1650,3726 1531,3725 1530,3724 1476,3724 1475,3725 1422,3725 1421,3725 1421,3736 1420,3737 1420,3738 1419,3739 1419,3741 1419,3742"/><TextEquiv index="0"><Unicode>bĭlĭter. In such phrases as equally with, æque and pariter are followed by</Unicode></TextEquiv><TextEquiv index="1"><Unicode>bĭlĭter. In such phrases as equally with, æque and pariter are followed by</Unicode></TextEquiv></TextLine><TextLine id="l58"><Coords points="1560,3805 1559,3804 1556,3804 1553,3800 1553,3799 1552,3798 1552,3792 1551,3791 1125,3789 1125,3789 1125,3798 1124,3799 1122,3799 1121,3800 1005,3799 1003,3801 1002,3801 1001,3800 759,3798 758,3797 749,3797 746,3794 318,3791 317,3792 316,3792 315,3793 307,3793 306,3792 305,3792 304,3791 304,3780 303,3779 279,3779 278,3778 117,3777 116,3776 86,3776 85,3775 82,3775 81,3774 80,3774 78,3772 78,3771 77,3770 77,3767 76,3766 76,3764 77,3763 77,3748 80,3746 81,3746 82,3745 83,3745 84,3744 87,3744 88,3743 276,3744 277,3743 277,3742 278,3741 279,3741 280,3740 530,3742 531,3740 531,3739 533,3737 533,3736 534,3736 535,3736 536,3735 549,3735 550,3734 688,3735 689,3736 1036,3738 1037,3739 1476,3742 1477,3741 1886,3744 1887,3743 1888,3744 1889,3744 1889,3744 1889,3745 1890,3746 1890,3755 1891,3756 1891,3757 1892,3758 1953,3758 1954,3759 1972,3759 1975,3763 1975,3764 1976,3765 1976,3781 1978,3783 1978,3787 1977,3787 1960,3787 1959,3788 1943,3788 1942,3789 1813,3788 1812,3789 1811,3789 1810,3790 1702,3789 1701,3790 1673,3790 1672,3791 1580,3791 1580,3791 1580,3793 1579,3794 1579,3796 1578,3797 1578,3798 1574,3802 1573,3802 1572,3803 1571,3803 1570,3804 1563,3804 1562,3805"/><TextEquiv index="0"><Unicode>ac or atque, or (less frequently by) quam.—Nothing alarmed them</Unicode></TextEquiv><TextEquiv index="1"><Unicode>ac or atque, or (less frequently by) quam.—Nothing alarmed them</Unicode></TextEquiv></TextLine><TextLine id="l59"><Coords points="1446,3868 1445,3867 1443,3867 1442,3866 1442,3865 1441,3864 1441,3858 1441,3858 1312,3857 1311,3856 1312,3854 1311,3854 1306,3854 1305,3853 1063,3851 1062,3852 987,3852 987,3852 986,3856 985,3857 985,3858 984,3859 984,3860 984,3861 983,3861 982,3862 979,3862 978,3863 977,3863 976,3864 970,3864 969,3863 964,3863 963,3862 962,3862 959,3859 959,3858 958,3857 959,3855 958,3854 958,3851 957,3851 684,3849 671,3849 671,3849 670,3854 669,3855 669,3856 668,3857 668,3858 668,3859 667,3859 664,3862 651,3862 650,3861 649,3861 647,3859 646,3859 643,3856 644,3854 642,3852 642,3848 641,3848 600,3847 599,3846 240,3844 239,3845 239,3852 236,3855 235,3855 234,3856 233,3856 232,3857 226,3857 225,3856 224,3856 223,3855 118,3854 117,3853 116,3853 115,3853 116,3852 115,3851 114,3851 114,3851 114,3840 113,3839 91,3839 90,3838 87,3838 86,3837 83,3837 82,3836 81,3836 80,3834 80,3833 79,3832 79,3831 78,3830 78,3829 77,3828 77,3823 76,3822 76,3820 77,3819 77,3816 80,3813 80,3812 85,3807 86,3807 87,3806 186,3807 187,3806 187,3798 188,3797 188,3796 190,3794 366,3795 367,3796 443,3796 446,3799 446,3800 447,3801 447,3804 447,3804 695,3806 696,3805 696,3802 697,3801 697,3800 697,3800 698,3800 699,3799 703,3799 704,3800 875,3801 878,3804 878,3805 879,3806 879,3815 880,3816 1123,3818 1124,3817 1124,3805 1126,3803 1131,3803 1132,3804 1346,3805 1347,3806 1348,3806 1351,3809 1351,3820 1351,3820 1585,3822 1586,3821 1659,3821 1665,3815 1780,3816 1781,3815 1781,3810 1782,3809 1782,3808 1782,3808 1783,3808 1784,3807 1788,3807 1789,3808 1790,3808 1791,3809 1791,3814 1791,3814 1806,3814 1807,3815 1807,3816 1808,3817 1808,3818 1808,3818 1952,3819 1953,3820 1968,3820 1973,3825 1973,3826 1974,3827 1974,3842 1975,3843 1975,3847 1972,3849 1959,3849 1958,3850 1913,3850 1912,3851 1877,3851 1877,3851 1876,3862 1875,3864 1874,3864 1873,3865 1872,3864 1860,3864 1858,3862 1858,3861 1857,3860 1857,3859 1857,3858 1857,3857 1856,3856 1459,3854 1459,3854 1458,3866 1458,3867 1456,3867 1455,3868"/><TextEquiv index="0"><Unicode>equally with the strength of the general. Nihil æque eos terruit quam</Unicode></TextEquiv><TextEquiv index="1"><Unicode>equally with the strength of the general. Nihil æque eos terruit quam</Unicode></TextEquiv></TextLine><TextEquiv><Unicode/></TextEquiv></TextRegion></Page></PcGts>