2039 3881
19 18 573 82 evasive, Ambĭguus.
20 78 1984 145 even. Æquus; i. e. level, plānus; of numbers, par, gen. păris.—Made
84 156 448 209 even, æquātus.
21 207 1792 272 to make even. Æquo, 1; adæquo, exæquo; i. e. level, complāno, 1.
20 269 1987 336 even, adv. Etiam, vel.—Not even, ne quidem; the word which they
86 334 1987 402 qualify being always placed between them; as, That he left nothing in
85 400 1991 466 any one’s house, not even in any town. Nihil in ædibus cujusquam ne in
85 465 944 531 oppidis quidem reliquisse. Cic.
21 525 1990 591 even as. In the phrase “even as,” “even” is superfluous and omitted in
90 598 467 645 Latin.—See as.
23 658 887 720 evenhanded. Æquus.—See just.
22 717 1990 784 eve, evening. Vesper -ĕris, masc. (vesper has abl. vespere and vesperi, the
87 783 1990 847 last most common when used adverbially, in the evening); vespĕra, ves-
87 850 817 913 pĕrus (not common in prose).
25 913 1172 977 the evening star. Hespĕrus, Noctĭfer -ĕri.
22 975 1994 1042 evening approaches. Advesperascit, impers, only in pres. and imperf.,
82 1040 1997 1105 pluperf. indic. and sabj., and pres. part.—At the approach of evening.
91 1104 1911 1169 vesperascente cælo. Nep. (The simple verb is only used in pres. part.)
24 1170 816 1235 of the evening. Vespertīnus.
26 1231 1046 1296 evenly. Æque, æquālĭter, æquābĭlĭter.
25 1299 616 1360 evenness. Æquālitas.
24 1356 2000 1428 event. Ēventus, 4; ēventum, cāsus, 4 (usu. an unfortunate event); i. e.
60 1426 758 1486 result, end, exĭtus, 4; fĭnis.
25 1489 2002 1555 eventful. Grăvis.—I am approaching an eventful period. Opus aggredior
92 1554 2002 1616 opimum casibus. Tac.—I may premise that I am about to relate the
91 1618 2003 1680 history of the most eventful war (lit. the one most worth describing) which
92 1681 2003 1743 ever took place. Licet mihi præfari bellum maxime omnium memorabile,
91 1746 1233 1809 quæ unquam gesta sint, me scripturum. Liv.
27 1809 838 1866 eventual. Postrēmus, ultĭmus.
27 1872 1115 1933 eventually. Postrēmo ad ultimum. Liv.
26 1937 2002 2003 ever, i e. at any time. Unquam.—If ever, si quando.—Did you think that
92 2001 2005 2065 you should ever have to give an account of your actions? Ecquando te
92 2065 2005 2129 rationem factorum tuorum redditurum putâsti? Cic.—Have you ever
92 2128 2000 2193 heard of any one more active than Cæsar? Ecquem Cæsare acriorem
91 2193 2004 2261 audîsti? Cic.—That he will be willing to incur ever such great disaster
91 2257 1249 2322 himself. Ut quamvis graviter offendat. Cic.
27 2321 2005 2386 ever, everlastingly, i. e. for ever, always, q. v. Semper, usque (to last, &c.),
92 2386 1167 2450 in æternum, in omne tempus both in Cic.
28 2449 1509 2516 everlasting. Æternus, sempĭternus, pĕrennis, perpĕtuus.
27 2514 2004 2578 every. Omnis, quisque (rare in pl.), unusquisque, gen. uniuscujusque, &c.
93 2577 2009 2641 (only in sing.). Omnis implies all together; quisque contains some idea of
93 2641 2005 2707 division, and is used chiefly when we might substitute “each” for “every.”
94 2702 2006 2774 When quisque is found with another adjective, that other adj., if not a
92 2768 2005 2837 numeral, is almost always in the superlative, and precedes quisque; as,
92 2831 2001 2897 The life of every honest man is at stake. Vita optimi cujusque agitur. Cic.
92 2895 2006 2964 —It is the part of a great judge to decide what every one ought to do for
95 2959 2003 3027 every one. Magni judicis est statuere quid quemque cuique præstare
95 3025 2005 3090 oportet. Cic.—Quisque is especially used with numerals.—At every
94 3088 2007 3152 third word he was excited. Tertio quoque verbo excitabatur. Cic.—
98 3153 2016 3217 Sometimes though in sing. it is used with a plural verb.—Every one of
94 3217 2007 3283 us suffers his own Manes. Quisque suos patimur Manes. Virg.—Every
95 3281 2008 3347 one imputing his own crimes to others. Suum quisque flagitium aliis ob-
95 3344 2009 3409 jectantes. Tac.—When the substantive is omitted with omnis, omnis
96 3409 2007 3472 is usually in pl.; as, every one, omnes; every thing, omnia; and indeed the
95 3470 2015 3539 plural is most common even when the subst. is expressed.—Every one of
95 3536 2009 3595 every rank. Omnes omnium ordinum homines. Cic.—All the facts are
95 3597 2007 3667 such that every one (i. e. any one) may see that in this cause dishonesty
94 3661 2009 3732 is striving against truth. Omnia sunt ejusmodi quivis ut perspicere possit
96 3722 2008 3786 in hâc causâ improbitatem cum veritate contendere. Cic.—Of whom
96 3785 2011 3857 every individual was fit to be a general. E queîs dux fieri quilibet aptus
