2055 3865
120 18 2009 84 same”), prosus.—The dream agreed with the fact with wonderful
119 84 1685 135 exactness. Somnium mirifice ad verbum cum re convenit. Cic.
55 148 1991 210 exactness, of the work or workman. Accurātio.—Of the workman, cūra
118 212 363 275 dīlĭgentia.
53 274 2008 341 to exaggerate. Amplĭfĭco, 1; augeo, 2; exaggĕro, 1.—I thought that,
117 339 2009 405 from his good-will towards you, he somewhat exaggerated that. Arbi-
115 402 1599 467 trabor illum propter benevelentiam uberius id dicere. Cic.
51 467 832 531 exaggeration. Amplĭfĭcatio.
51 530 828 596 exaggerative. Amplĭfĭcātor.
52 588 2008 659 to exalt, i. e. to raise, q. v. Ērĭgo, 3; i. e. to raise, or praise, q. v., effĕro,
113 657 1774 725 irr.; tollo, 3; perf. sustŭli.—In rank, &c., augeo, 2; prōmŏveo, 2.
50 721 1305 784 exaltation, i. e. height. Altĭtūdo.—See dignity.
50 783 1770 851 examination. Investĭgātio, inquīsītio.—Of a witness, interrogatio.
48 849 2004 913 to examine. Investĭgo, 1; inquīro, 3; exāmĭno.—A witness, interrŏgo, 1.
110 914 2011 977 —Examine the events of the days connected with these deaths. Perse-
108 977 2008 1042 quere connexos his funeribus dies. Cic.—At present they determined
110 1041 2009 1106 that they should be arrested who had been with him, and be examined;
108 1105 2009 1168 and while they are under examination,... In præsentiâ placuit comprehendi
109 1168 2008 1249 eos qui simul fuissent quæstionemque ex his haberi; qui dum quæruntur,
105 1236 316 1288 ... Liv.
45 1294 1766 1362 an examiner. Inquīsītor; of witnesses or of anything, investīgātor.
41 1361 2006 1427 example. Exemplum, exemplar -aris, neut.; i. e. specimen, spĕcĭmen -ĭnis,
105 1426 2006 1489 neut. (not hardly found except in nom. and acc. sing.).—We should
105 1488 2007 1556 follow the example of Themistocles. Nimirum Themistocles est auctor
107 1554 565 1602 adhibendus. Cic.
42 1618 2009 1681 to exasperate. Exaspĕro, 1; exacerbo, 1; incendo, 3; accendo.—To be
102 1680 678 1744 exasperated, īrascor, 3.
38 1741 812 1807 exasperation. Ira, ăcerbĭtas.
38 1805 857 1868 exasperated. Īrātus, infensus.
40 1873 1137 1933 to excavate. Căvo, 1; excavo, effŏdio, 3.
38 1933 1265 1999 excavation. Căvatio (Varr.), excavatio. Sen.
39 1998 2005 2067 to exceed, trans. Sŭpĕro, 1; excēdo.—History ought not to exceed the
101 2063 2007 2128 truth. Historia non debet egredi veritatem. Plin.—These men un-
99 2127 2007 2193 doubtedly exceed the bounds of moderation. Hi sine dubio finem et
96 2192 699 2242 modum transeant. Cic.
35 2256 1367 2322 to exceed, intrans., i. e. to be excessive. Sŭpersum.
35 2320 999 2383 exceeding, i. e. beyond, prep. Ultra.
35 2385 882 2447 exceeding, adj. Major, ultĕrior.
32 2446 2011 2518 exceedingly, excessively. Valde, admŏdum (not in poet.), magnopere (not
95 2511 2011 2579 found in poet., and only used with verbs); i. e. immoderately, immŏdĭce;
96 2574 2010 2644 immoderate, nĭmis, nĭmium.—There is an exceedingly great difference
94 2638 2014 2705 between what is honourable and what is base. Differt inter honestum et
93 2701 843 2762 turpe nimium quantum. Cic.
33 2763 2011 2833 to excel. Excello, 3, c. dat., more rarely c. super and acc.; antĕcello, c. dat.;
91 2829 2015 2899 præsto, 1, c. dat., or c. acc.; sŭpĕro, 1, c. acc.; i. e. be excellent or eminent,
90 2893 521 2954 ēmĭneo, 2, sine c.
28 2956 973 3022 excellence. Excellentia, præstantia.
26 3020 1598 3091 excellent. Excellens, præstans, optĭmus, ĕgrĕgius, præclarus.
24 3085 1867 3155 excellently. Excellenter, præstanter (Plin.); optĭme, ēgrĕgie, præclāre.
25 3148 624 3212 to except. Excĭpio, 3.
24 3213 2022 3283 except, conj. Nĭsĭ, contr. nî.—There is no one except you. Nemo est
88 3279 960 3340 cum a vobis discesserim, &c. Cic.
25 3344 611 3404 except, prep. Præter.
22 3403 2024 3473 exeption. Exceptio.—All men, without exception, think the same about
85 3465 2025 3545 friendship. De amicitiâ omnes ad unum idem sentiunt. Cic.—This excep-
85 3529 2026 3603 tion is taken to these difficulties. His difficultatibus illud opponitur. Liv.
83 3594 485 3654 —See objection.
18 3652 932 3723 exceptionable. Mendōsus, prāvus.
18 3706 2030 3801 excess. Ăbundantia, nĭmietas (Col.); i. e. intemperance, &c., immŏdĕratio,
70 3780 437 3840 intemperantia.
