2057 3926
18 15 1099 81 in excess. Immŏdĕrāte, nĭmis, nĭmium.
19 45 1991 147 excesive. Nĭmius, immŏdĭcus, immŏdĕrātus; i. e. unrestrained (of joy, &c.)
100 148 261 196 effūsu.
21 209 2010 275 to exchange. Mūto, 1; permuto, commuto.—Having scarcely had time
95 271 1743 338 to exchange mutual greetings. Vix salute mutuâ redditâ. Liv.
20 337 1220 401 exchange. Mūtātio, permutatio, commutatio.
22 403 775 464 the exchequer. Ærārium.
24 467 539 516 excision. Excīsio.
25 529 2010 594 to excite. Excĭto, 1; suscito, exsuscito, stĭmŭlo, 1; mŏveo, 2 (esp. of ex-
96 595 2011 658 citing such and such feelings); commoveo, accendo, 3 (esp. love, or hate, or
94 658 2008 723 anger); impello, 3 (esp. a man to do an act, a war, &c.); conflo, 1; accendo.
95 722 2008 787 —And if you wish to excite odium against me, your enemy, as you are
98 784 2009 850 always calling me. Ac, si mihi, inimico ut prædicas tuo conflare vis in-
98 849 2008 911 vidiam. Cic.—The soldiers were likely to be easily excited to a mis-
99 913 2007 977 chievous sedition. Milites in pemiciosam seditionem exasuri erant. Liv.
25 976 2007 1040 to be excited (as a man is, with any strong feeling). Ardeo, 2; exar-
102 1046 326 1104 desco, 3.
33 1103 1676 1170 excitement, i. e. disturbance. Mōtus, 4; i. e. eagerness, ardor.
31 1168 966 1235 an exciter. Stĭmŭlātor, concĭlātor.
35 1236 911 1297 to exclaim. Clāmo, 1; exclamo.
35 1299 754 1351 exclamation. Exclāmātio.
35 1362 1375 1428 to exclude. Exclūdo, 3; exĭmo, 3.—See to forbid.
34 1427 921 1487 exclusion. Exclūsio. Ter., Vitr.
34 1490 2001 1557 exclusive, exclusively.—A place which has this privilege exclusively.
100 1555 1996 1618 Qui locus solus hoc juris habet. Cic.—They have no separate or exclu-
98 1619 1932 1684 sive property in land. Privati ac separati agri apud eos nihil est. Cæs.
34 1682 1157 1746 to excogitate. Excōgĭto.—See to contrive.
35 1747 2002 1808 to excommunicate.—When he had excommunicated them. Quibus cum
98 1811 918 1886 aquâ et igni interdixisset. Cæs.
34 1873 1654 1940 excommucation.—Tecti et aquæ et ignis interdictio. Cic.
33 1939 700 1997 to excoriate. Lăcĕro, 1.
31 2002 1432 2068 excrement. Stercus -ŏris, neut., excrēmentum. Plin.
32 2067 1371 2128 excrescences. Excrescentia -um, neut. plur. Plin.
32 2131 990 2195 to excruciate. Crŭcio, 1; excrŭcio.
31 2185 798 2257 excruciating. Ăcerbissimus.
34 2259 2001 2323 to exculpate another. Abolvo, 3; oneself, defendo, 3.—The topics
98 2323 1999 2386 which we give the defendant for his own exculpation, the accuser will mis-
96 2385 1997 2449 use to exculpate others. Quas ad defensionem rationes reo dabimus, iis
98 2448 1447 2510 accusator ad alios ex culpâ eximendos abutetur. Cic.
38 2513 2002 2582 exculpation, i. e. acquittal of another. Absŏlūtio, i. e. defence of oneself,
98 2582 320 2629 dēfensio.
35 2631 1401 2707 exculpatory. Ĭdŏneus (ad defensionem undestood).
31 2694 1071 2765 excursion. Ĭter -ĭnĕris, neut., excursio.
37 2771 1011 2832 excusable. Excusābĭlis, excūsandus.
37 2834 2033 2900 excuse, i. e. plea alleged in excuse. Excūsātio, dēfensio; i. e. allowance for,
101 2896 1995 2961 vĕnia.—The excuses which we urged. Cansæ quas diximus. Cic.—
107 2960 1992 3013 Cæsar admitted the excuse of the Ubii. Cæsar satisfactionem Ubiorum ac-
103 3024 1992 3090 cepit. Cæs.—It deserves to meet with great excuse. Misericordiam
101 3088 1994 3157 magnam habere debet. Cic—I beg you to excuse me. Veniam a vobis
105 3142 1994 3217 impetratam velim. Liv.—I hope that excellent man will excuse me for
103 3215 1993 3283 saying so. Bonâ veniâ hujus optimi viri dixerim. Cic.—Excuse me
104 3279 1194 3344 for saying so. Bonâ veniâ me audies. Cic.
40 3341 1995 3410 to excuse, i. e. defend. Excūso, 1 (sometimes c. acc. of the reason alleged
105 3407 1599 3503 in excuse); dēfendo; i. e. to pardon, q. v., ignosco, 3, c. dat.
40 3473 612 3524 excused. Excūsatus.
38 3503 898 3594 without excuse. Ĭnexcūsābĭlis.
40 3598 1998 3660 execrable. Dētestābĭlis, exsecrandus, exsĕcrābĭlis, abominandus.—See wicked.
42 3665 1023 3726 execrably, i. e. very badly. Pessime.
40 3726 1395 3792 to execrate. Exsĕcror, 1; dētestor, 1.—See to hate.
40 3791 1272 3851 execration. Exsĕcrātio, dētestātio.—See curse.
