2034 3884
21 17 2009 86 to execute, i. e. perform. Perfĭcio, 3; pĕrăgo, 3; exsĕquor, 3; præsto, 1
86 82 1700 148 (esp. a commission or a promise); i. e. to put to death, interfĭcio.
20 149 2010 212 execution, i. e. performance. Perfectio, exsĕcūtio (Plin.); i. e. a putting ts
85 212 2010 276 death.—Those who had been given up to execution. Si qui ad suppli-
83 274 2007 339 cium essent dati. Nep.—When they resolved to feed their eyes and
82 338 2007 404 glut their anger with his torments and execution. Cum ejus eruciatu
85 403 1775 467 atque supplicio pascere oculos animumque exsaturare vellent. Cic.
22 468 1023 532 an executioner. Canĭfex -ĭcis, masc.
20 531 826 596 exemplary. Ēgrĕgius, ūnĭcus.
21 590 1187 659 in an exemplary manner. Ēgrĕgie, ūnĭce.
23 660 1166 724 exempliflcation. Exemplum, dŏcŭmentum.
24 724 1997 789 to exemplify.—By which fortune designed to exemplify, for our instruction,
88 788 1998 854 what conquered people had to fear. Ex quo documentum nos capere
87 852 1418 913 fortuna voluit quid esset victis extimescendum. Cic.
23 918 1481 979 exempt. Immūnis, līber -ĕra, -erum, văcuus; all c. abl.
25 980 1995 1045 to exempt. Lībĕro, 1; exĭmo, 3; absolvo, 3; vindĭco, 1 (all these c. abl.).
88 1044 895 1108 —To be exempt, văco, 1, c. abl.
23 1107 1811 1174 exemption. Immūnĭtas, văcuĭtas.—A giving exemption to, lībĕratio.
23 1172 1994 1238 exercise. Exercĭtātio.—As in time of peace he was accustomed to bring
88 1236 1993 1301 the children out before the city for play and exercise. Is cum in pace
90 1299 1951 1364 instituisset pueros ante urbem lusûs exercendique causâ producere. Liv.
25 1365 1993 1427 to exercise. Exerceo, 2; such and such qualities, adhĭbeo, 2.— To take
87 1429 1991 1493 exercise, exerceor.—And all artisans are exercised on sordid arts. Opi-
87 1492 1990 1557 ficesque omnes in sordidâ arte versantur. Cic.—Cæsar hardened his
85 1557 1839 1619 army by exercise in war. Cæsar belli experientia durabat exercitum.
20 1610 1992 1681 to exert. Ădhĭbeo, 2; ūtor, 3.—To exert oneself, nĭtor, 3; ēnitor, con-
86 1683 1604 1746 tendo, 3; lăbōro, 1; ēlaboro, sometimes c. acc. of the object.
18 1745 1057 1804 exertion. Lăbor, contentio. See effort.
20 1809 1270 1875 exhalation. Exhālātio, exspĭratio, ănhelĭtus, 4.
19 1873 845 1937 to exhale. Exhālo, 1; spĭro, 1.
20 1937 1988 2004 to exhaust (a supply). Haurio, 4; exhaurio, exĭnānio, 4.—A supply, or a
84 2002 1987 2069 person with grief, &c., absūmo, 3; consumo; a person, contĕro, 3. — To
85 2066 1222 2130 be exhausted (by fatigue, grief, &c.), dēfĭcio.
20 2129 1615 2193 exhaustion. Exĭnānĭtio (Plin.); i. e. weakness, &c., dēfectio.
20 2186 1505 2258 exhaustless. Ĭnexhaustus, infĭnītus, pĕrennis, perpĕtuus.
22 2260 1986 2325 to exhibit. Exhĭbeo, 2; prōfĕro, irr.; ostendo, 3; ăpĕrio, 4; expōno, 3.—
85 2326 398 2374 See to show.
20 2386 635 2452 exhibition. Expŏsĭtio.
22 2451 1001 2515 to exhilarate. Hĭlăro, 1; dēlecto, 1.
20 2513 1127 2577 exhilaration. Hĭlărĭtas, lætĭtia, gaudium.
22 2579 1116 2641 to exhort. Hortor, 1; ădhortur, cohortor.
18 2643 1590 2707 one who exhorts. Hortator, fem. -trix (Quint.), ădhortator.
19 2701 1980 2771 exhortation. Hortātio, hortatus, 4; hortāmen, -ĭnis, neut. hortamentum.
84 2769 628 2830 adhortatio, cohortatio.
20 2830 1072 2896 belonging to exhortation. Hortātīvus.
19 2896 614 2960 exigency. Nĕcessĭtas.
19 2959 1451 3026 exile. Exĭlium, rĕlēgātio, āmandatio.—See banishment.
18 3025 877 3089 an exile. Exul -ŭlis, masc., fem.
19 3089 1979 3158 to exile. Pello, 3; ejĭcio, 3; rĕlēgo, 1 all often followed by in exilium.
83 3154 1981 3221 —Men whom the laws wish to be exiled. Quos leges exilio afici
84 3221 412 3272 volunt. Cic.
20 3280 481 3335 exiled. Extorria.
21 3347 1985 3415 to exist. Sum, existo, 3.—You can no longer exist among us. Nobiscum
84 3407 1985 3478 diutius versari non potes. Cic.—The existing generation. Homines qui
85 3476 495 3524 nunc sunt. Cic.
20 3531 1966 3607 existence. Vita.—The republic, which can have no existence at all, if...
88 3597 1253 3668 Respublica quæ esse nulla potest, si.... Cic.
20 3659 1988 3731 exit. Exĭtus, 4; ēgressus, 4; excessus, 4.—To make one’s exit, exeo, 4;
86 3723 1973 3796 ăbeo, excedo, 3; ēgrĕdior, 3; ēvādo, 3.—To make a hasty exit, ērumpo, 3.
23 3782 1934 3859 to exonerate. Lĭbĕro, 1; exĭmo, 3; absolvo, 3; usu. c. abl. of the charge.
