2014 3932
19 17 872 84 exorable. Exōrābĭlis, plācābĭlis.
24 83 1055 146 exorbitancy. Immŏdĕratio, immānĭtas.
24 148 1949 218 exorbitant. Immŏdĭcus, immŏdĕratus, nĭmius, immānis.—See extravagant.
24 212 1260 276 exorbitantly. Immŏdĕrate, immŏdĭce, nĭmium.
25 276 684 335 to exorcise. Excanto, 1.
24 340 1021 399 exorcism. Cantus, 4; incantāmentum.
24 396 1720 471 exordium (exordium). Ĭnĭtium, *exorsa, neut. pl.—See beginning.
28 467 544 531 exotic. Pĕrĕgrinus.
28 530 1973 600 to expand, trans. Pando, 3; expando, ăpĕrio, 4; explĭco, 1; i.e. to extend,
83 595 887 660 augeo, 2; profero, irr.; extendo.
29 659 1976 728 to expand, intrans., i. e. open, as a flower, &c., pătesco, 3; but better, aperio
86 725 1023 789 me (3rd sing. aperit se, &c.), pandor.
30 788 530 851 expanse. Spătium.
34 851 1165 917 expansion, i. e. enlargement. Incrēmentum.
34 915 755 981 expansive. Amplus, largus.
34 979 1976 1048 to expatiate. Spātior, 1; i e. speak at length.—Hortensius expatiated
90 1045 1975 1110 on the evidence of this witness. De hoc teste disseruit copiose Hortensius.
92 1107 1977 1172 Cic.—We require him to dwell and expatiate on the same sentiment.
92 1171 1683 1237 Expetimus ut hæreat in eâdem commoreturque sententiâ. Cic.
41 1235 1977 1303 to expatriate oneself.—They could not lose their rights of citizenship here
92 1300 1977 1366 till they had expatriated themselves from it. Hanc ante civitatem amittere
94 1365 1979 1426 non potuissent quam hujus solum civitatis mutatione vertissent. Col.—
97 1427 1977 1496 They who wish to avoid some punishment expatiate themselves; that is,
94 1491 1977 1557 they change their home and abode. Qui volunt pœnam aliquam subter-
94 1555 1977 1618 fugere eo solum vertunt, hoc est, sedem ac locum mutant. Cic.—See exile.
47 1619 880 1685 to expect. Spero, 1; expecto, 1.
44 1684 1977 1750 expectation. Spes, expectātio.—In fact I fell in with the man suddenly,
96 1747 1978 1816 and contrary to his expectation. Sane homini præter opinionem improviso
100 1812 399 1862 incedi. Cic.
45 1874 1987 1942 to expectorate. Exscreo, 1.—To whom he may expectorate the venom of
98 1939 1707 2008 his ill temper. Apud quem evomat virus acerbitatis suæ. Cic.
47 2004 736 2062 expectoration. Exscreatio.
46 2063 614 2129 expediency. Ūtĭlĭtas.
46 2127 526 2186 expedient. Ūtĭlis.
49 2192 920 2263 to be expedient. Expĕdit, impers.
48 2260 714 2319 an expedient. Rătio, via.
48 2319 1982 2410 to expedite. Matūro, 1; festino, 1; prŏpĕro, 1; cĕlĕro, 1 (the three last
101 2390 1144 2451 scarcely used as transitive verbs in prose).
52 2450 1981 2516 expedition, i. e. speed. Cĕlĕrĭtas, festinatio, prŏpĕratio.—A military expe-
95 2514 512 2580 dition, expĕdītio.
52 2573 1634 2646 with expedition, expeditiously. Cĕlĕrĭter, festīnanter, răpĭde.
51 2641 1351 2707 expeditious. Cĕler ĕris ere, răpĭdus.—See swift.
50 2702 1646 2773 to expel. Ējĭcio, 3; pello, 3; expello, exĭgo, 3; extermĭno, 1.
52 2769 865 2834 one who expels. Extermĭnātor.
53 2829 959 2900 to expend. Insumo, 3; impendo, 3.
54 2900 1985 2964 expene (incurred). Sumptus, 4; impensa, i. e. price, prĕtium.—A man
107 2959 1986 3029 who could maintain an army at his own expense. Qui exercitum alere
108 3027 759 3083 potuit suis fructibus. Cic.
56 3088 1985 3157 expensive, i. e. costly. Prĕtiosus, cārus; i. e. extravagant, prŏfūsus; in
112 3149 693 3221 both senses, sumptuosus.
57 3214 700 3285 expensively. Sumptuose.
58 3278 1256 3348 expensiveness, i. e. extravagance, q. v. Effūsio.
60 3341 1990 3412 experience, in any sense. Expĕrientia; i. e. frequent use, q. v., usus, 4;
114 3408 1984 3476 i. e. skill, pĕrītia; i. e. wisdom, prūdentia, jūdĭcium.—Which I derived
103 3467 1985 3540 from my own experience. Quæ (non aliquo tradente sed) experimento
114 3541 598 3602 meo accepi. Quint.
68 3590 1402 3668 to experience. Expĕrior, 4.—See experiment, below.
70 3661 1457 3732 experienced. Expĕriens; i. e. silful, pĕrītus, prūdens.
70 3719 1251 3792 in an experienced manner. Pĕrīte, prūdenter.
71 3787 1984 3861 experiment. Expĕrīmentum.—I thought it creditable to me that they
