1998 3876
88 16 1970 90 wished to make experiment of (or to experience) my good faith and dili-
84 82 1969 157 gence. Idque mihi amplum et præclarum existimavi eos velle meæ fidei
85 147 1970 218 diligentiæque periculum facere. Cic.—Men in battle are apt to tempt
85 210 1970 276 the fortune of war, and make experiments. Homines in præliis belli for-
85 278 1110 346 tunam tentare ac periclitari solent. Cic.
21 337 1968 409 experimentally.—Metellus had learnt experimentally that the race of the
88 403 1968 468 Numidians was faithless. Metello experimentis cognitum erat genus
87 471 907 526 Numidarum infidum esse. Sall.
21 534 1141 603 expert. Pĕrītus, sōlers, dexter -ĕra -erum.
22 599 997 666 expertly. Pĕrīte, sōlerter, dextĕre.
19 660 1084 729 expertness. Pĕrītia, sōlertia, dextĕrĭtas.
21 728 538 793 expiable. Piābĭlis.
21 787 1765 859 to expiate. Pio, 1 (in prose more common in comp.); expio, luo, 3.
20 852 1968 922 expiation. Expiātio, piatio; an exp. or means of expiation, or expiatory sa-
83 917 1252 986 crifice, *piāmen -ĭnis, neut. piamentum. Plin.
19 985 623 1047 expiatory. Piācŭlāris.
19 1046 1152 1115 expration, i. e. end, q. v. Fĭnis, exĭtus. 4.
20 1105 1970 1175 to expire, i. e. die, q. v. Mŏrior, 3; pĕreo, 4; intĕreo, exspīro, 1.—The
85 1173 1969 1240 time had expired. Induciæ exierant. Liv.—Take care that the summer
85 1238 1450 1307 does not expire. Considerabis ne æstas effluat. Cic.
20 1298 1969 1367 to explain, i. e. make clear. Explĭco, 1; explāno, 1; illustro, 1; dīlūcĭdo, 1;
84 1367 1293 1435 i. e. disclose, expĕdio, 4; expōno, 3; ostendo, 3.
21 1432 852 1499 one who explains. Explĭcator.
19 1495 1088 1561 to explode, i. e. reject, q. v. Explōdo, 3.
18 1561 1001 1628 explanation. Explĭcātio, explānātio.
20 1622 1349 1688 in an explanatory manner. Explĭcāte, explānāte.
21 1687 880 1752 explicable. Explĭcābĭlis. Plin.
19 1751 855 1813 explicit. Exprēssus, distinctus.
20 1813 1450 1879 explicitly. Expresse, distincte, ăperte, plāne, dīlūcĭde.
18 1878 1973 1946 an exploit. Factum, făcĭnus -ŏris, neut.—Great exploits, res gestæ.
88 1942 1971 2007 Cic., Liv.—Many exploits done in the garb of peace have been more im-
82 2006 1973 2072 portant and illustrious than achievements of war. Multæ res extiterunt
83 2070 1974 2136 urbanæ majores clarioresque quam bellicæ. Cic.—When he had per
84 2136 1687 2201 formed many great exploits. Cum multa fecisset egregie. Cic.
20 2200 1100 2263 to explode, i. e. reject, q. v. Explōdo, 3.
20 2261 1841 2326 exploration. Investĭgatio, inquīsītio, exploratio (Tac., esp. as a scout).
19 2328 1295 2391 to explore. Explōro. 1; investīgo, 1; inquiro, 3.
19 2390 1606 2455 one who explores. Investigator, explorator (esp. as a scout).
19 2455 1543 2518 explosion, i. e. rejection. Explōsio.—A loud noise, frăgor.
18 2520 559 2582 to export. Exporto.
18 2580 693 2646 exportation. Exportatio.
19 2644 1969 2714 to expose. Expono, prōpono, pătĕfăcio, 3 (esp. of exposing another’s de-
84 2708 1971 2775 sigs, &c.); to danger, &c., objīcio, 3; subjicio, oppōno; i. e. to leave in
82 2774 1969 2837 a defenceless state, nudo, 1.—But we must also avoid exposing ourselves
84 2838 1969 2903 to danger without reason. Sed fugiendum etiam illud ne offeramus nos
84 2901 1970 2969 periculis sine cansâ. Cic.—He orders the gates to be shut that the camp
84 2966 1967 3030 might not be left exposed. Jubet portas claudi ne castra nudentur. Cæs.
83 3030 1968 3096 —I entreat you to ward off, in the case of Sextus Roscius, the danger to
87 3090 1969 3157 which all are exposed. Peto ut... in causâ Sexti Roscii periculum quod
85 3156 1027 3223 in omnes intenditur propulsetis. Cic.
21 3215 1968 3289 exposed. Obnoxius.—More exposed, minus tutus. Liv.—He could shoot
85 3283 1968 3351 his arrows at the horse and his rider, who were completely exposed to his
82 3348 1964 3416 aim. In patentem vulneri equum equitemque sagittas conjicere poterat.
82 3413 1965 3477 Liv.—Old age is exposed to long illnesses. Longis morbis senectus
83 3479 381 3538 patet. Cic.
19 3537 1928 3607 exposition. Expŏsĭtio (see explanation); i. e. interpretation, interprĕtātio.
19 3601 1108 3667 an expositor. Interpres -ĕtis, masc., fem.
18 3667 1964 3731 to expostulate. Expostŭlo, 1; quĕror, 3; conquĕror; all c. cum and abl. pres.
17 3728 1308 3795 expostulation. Expostŭlatio, quĕrēla, questus, 4.
18 3790 803 3851 expostulatory. Quĕrĭbundus.
