1993 3814
24 17 1968 85 to extinguish. Exstinguo, 3; restinguo; i. e. destroy, dēleo, tollo, 3; perf
90 86 1470 146 sustŭli; i. e. overthrow (a constitution, &c.), ēverto, 3.
18 147 958 210 extinguishable. Dēlēbĭlis. Mart.
18 212 985 276 one who extinguishes. Exstinctor.
17 276 1967 341 to extirpate. Exstirpo, 1; dēleo, 2.—Covetoumess must be utterly e-
82 341 1967 405 tirpated and eradicated. Cupiditas tollenda eet atque-extahenda radicitus
84 406 642 456 Cic.—See to eradicate.
18 468 863 533 extirpation. Exstirpātio. Col.
22 533 745 594 an extirpator. Exstinctor.
19 597 1970 659 to extol. Effĕro, irr.; cĕlĕbro, 1; laudo, 1; collaudo—He who has ex-
85 661 1969 724 tolled our exploits divinely. Qui res nostras divinis ornavit laudibus. Cic.
83 725 1970 789 —The orator is to be highly extolled by us. Nobis orator omni lande
84 790 1969 853 cumulandus est. Cic.—If an excellent authority did not extol them to
85 853 1969 915 the skies. Nisi eos in cœlum suis laudibus præclarus auctor extolleret. Cic
22 916 1970 980 to extort. Extorqueo, 2; exprĭmo, 3; extraho, 3.—Necessity extorted
85 980 1966 1044 this concession from the senators. Expressit hoc necessitas patribus. Liv.
84 1043 1966 1109 —And hostages were extorted from the Romans. Expressaque nes-
86 1109 980 1172 sitas obsides dandi Romanis. Liv.
20 1172 1966 1235 extortion.—Lucius Piso was the first who passed a law against extortion.
92 1237 1967 1300 Lucius Piso legem primus de pecuniis repetundis tulit. Cic.— Priscus
85 1300 1968 1366 had prosecuted Cæsius Cordus for extortion. Priscus Cæsium Cordum re-
85 1365 803 1429 petundis postulaverat. Tac.
21 1428 900 1478 an extortioner. Extortor. Ter.
23 1490 1969 1557 to extract. Extraho, 3; exprĭmo, 3; ēlĭcio, 3; i. e. make extracts, excerp.
88 1557 1970 1620 3; dēlĭgo, 3.—You extract from them all whatever especially attracts you
85 1620 1969 1684 by an appearance of truth. Libas ex omnibus quodcunque te maxime
89 1683 799 1743 specie veritatis movet. Cic.
22 1747 562 1796 an extract. Portio.
20 1808 1964 1876 extraction, i e. the extracting. Expressio (Vitruv.); i. e. fmily, stirpe,
85 1874 1499 1938 ŏrīgo, ortus, 4; gĕnus -ĕris, neut.; dŏmus.—See family.
20 1937 1965 2002 extraordinary. Extraordinārius, ĭnūsĭtatus, rārus, insŏlĭtus, insŏlens, insuetus,
84 2001 1330 2067 ĭnassuetus; i. e. admirable, ēgrĕgius, admīrabilis.
22 2066 1963 2132 extraordinarily, i. e. in an extraordinary manner. Inūsĭtāte; i. e. excellently.
86 2131 1963 2196 ēgrĕgie, mĭrabĭlĭter, mĭrĭfĭce.—They agitate the minds of men to n
87 2195 1910 2260 extraordinary degree. Vehementer animos hominum perturbant. Cæs.
22 2255 1965 2325 extravagance. Prŏfūsio (Plin.), prōdĭgentia (Tac.).—Extravaganee of
37 2323 1962 2389 language or ideas, or conduct; intempĕrantia, effrēnātio, lĭcentia, immŏ
87 2385 1960 2454 dĕratio.—What daily prodigality and what extravagance do you think
87 2449 1961 2517 took place? Quos sumptus quotidianos, quas effusiones fieri putatis? Cic.
21 2514 1962 2578 extravagant (in money). Prŏfūsus, effūsus (used also of the expense in-
84 2579 1963 2646 curred), sumptuōsus, prōdĭgus.—Of conduct, language, &c., immŏdĕrātus,
84 2640 1961 2706 immŏdĭcus, impŏtens, intempĕrans (all used also of the conduct itself).
87 2704 1965 2769 —He thought it an act of the most extravagant folly. Summæ de-
86 2768 1963 2834 mentiæ esse judicabat. Cæs.—It is a piece of extravagant folly. Ex-
87 2832 1963 2897 tremæ dementiæ est. Gell.—I know the fury, the extravagant violence
89 2895 1959 2956 of the man. Novi hominis furorem, novi effrenatam violentiam. Cic.
87 2958 1959 3025 —You blamed me for being extravagant, and as it were prodigal in
88 3024 1960 3088 voting honours. Reprehendebas quod in honoribus decermendis essem
90 3091 1319 3151 nimius et tanquam prodigus. Cic.—See extreme.
27 3150 1961 3218 extravagantly. Effŭse, prŏfūse (both applied also to conduct), prōdĭge.—
93 3210 1957 3280 In conduct, intempĕranter, immŏdĕrāte.—Because I knew that he had
91 3277 1959 3347 an extraordinary regard for you, I thought that he was speaking rather
91 3337 1957 3409 extravagantly out of his good will. Quod ab eo mirifice diligi intel-
92 3405 1957 3475 ligebam arbitrabar illum propter benevolentiam uberius id dicere. Cic.—
93 3465 1956 3539 A plan wicked indeed, but not extravagantly insane. Consilium scele-
92 3535 1145 3589 ratum, sed non ad ultimum demeus. Liv.
29 3597 1311 3662 to waste extravagantly. Prŏfundo, 3; effundo.
29 3662 655 3711 extravasated. Effusus.
31 3717 1954 3791 extreme. Extrēmus, summus, ultĭmus.—Extreme may also be rendered by
