2004 3863
80 17 1978 83 fem.—As if I were conversing with you face to face. Quasi tecum coram
96 81 1979 145 loquerer. Cic.—Will you venture to say those things to me, to my son
96 146 1981 209 in-law’s face, which you ventured to say to your relation? Mihi vero ipi
94 209 1979 275 coram genero meo propinquo tuo quæ dicere ausus es [dicere audebis sc.]?
96 272 1978 334 Cic.—With what face will any of you meet those soldiers? Quo ore
96 337 1980 400 quisquam vestrûm iis militibus occurret? Liv.—What a face must that
94 399 1980 465 advocate have who ventures to undertake those causes without any knowledge
97 464 1980 528 of law! Quod tandem os est illius patroni qui ad eas cansas sine ullâ scientiâ
90 528 1977 595 juris audet accedere! Cic.—What were done at Syrscuse in the forum,
96 591 1973 655 in the face of day, before the face and under the eyes of the whole province.
97 656 1974 722 Quæ in foro palam Syracusis in ore atque in oculis provinciæ gesta sunt. Cic.
33 720 1973 782 to face, i. e. cover. Tĕgo, 3; i. e. to stand opposite to, oppōnor, 3, c. dat.;
95 782 1974 849 i. e. to encounter (an enemy), aggrĕdior, 3 (see to attack); (a danger)
94 847 1976 911 sŭbeo, suscĭpio, 3; ŏbeo, 4; ingrĕdior (enemy or danger), occurro, 3; sus-
96 912 1249 972 tĭneo.—To face round, verto me, converto me.
30 975 994 1040 facetious. Făcētus, lĕpĭdus, festīvus.
29 1040 971 1104 facetiously. Făcete, lĕpĭde, festīve.
28 1101 1508 1167 facetiousness. Lĕpor, săles, pl. masc., făcētiæ, festīvĭtas.
29 1168 710 1232 facile. Făcĭlis.—See easy
28 1231 719 1296 to facilitate. Expĕdio, 4.
27 1295 537 1357 facility. Făcĭlĭtas.
27 1359 1546 1427 facing, i. e. opposite to, prep. Contra, adversus, adversum.
28 1422 1194 1488 facing, adj. Oppŏsĭtus, contrārius, adversus.
27 1485 1961 1552 fact. Factum (as opp. to word, or idea), res.—As if he had been caught
91 1551 1961 1612 in the fact of some notorious crime. Quasi esset in aliquo manifesto scelere
93 1614 1960 1680 deprehensus.—But if, as is the fact, they were given as a tribute to you
89 1678 1852 1740 merits. Si vero, quod ita factum est, meritis tuis tribuerentur. Cic.
26 1740 1954 1807 in fact, i. e. indeed. Quĭdem.—In fact I, ĕquĭdem.—In fact (opp. to in
95 1807 512 1866 word re), revera.
27 1868 1958 1923 faction. Factio.—The Numidians are divided into two factions. Nu-
89 1934 1956 1999 midæ in duas partes discedunt. Sall.—Some favoured Sylla’s, some
91 1998 1959 2063 Cinna’s faction. Alii Syllanis, alii Cinnanis favebant partibus. Cic.—
93 2062 1959 2126 It is recorded that factious quarrels arose in his camp between the Carths-
87 2127 1960 2193 ginian and Sicilian soldiers. Scriptum est magnam seditionem in casti
91 2191 1433 2251 ejus inter Pœnos et Siculos milites esse factam. Cic.
26 2253 845 2321 factious. Factiōsus, sēdĭtiosus.
25 2318 949 2379 factitious. Fictus, factĭtius. Plin.
26 2382 618 2444 factiously. Sēdĭtiōse.
26 2446 522 2497 a factor. Instĭtor.
27 2509 568 2572 a factory. Offĭcīna.
25 2571 1078 2635 faculty. Făcultas; i. e. sense, sensus, 4.
26 2634 1958 2703 to fade, lit. and metaph. Marceo, 2; marcesco, 3; pĕreo, 4; metaph. of
88 2699 1952 2769 strength, &c., langueo, 2; dēbĭlĭtor, 1; frangor, 3; exstinguor, 3.—All
86 2763 1950 2830 recollection of them has gradually faded away. Omnis eorum memoria
88 2827 628 2878 sensim evanuit. Cic.
21 2890 493 2940 faded. Marcĭdus.
20 2952 1949 3025 fading, i. e. liable to fade, short-lived. Ēvānīdus, cădūcus, frăgĭlis, brĕvis
83 3020 1948 3087 —To rescue their now fading glory from oblivion. Ut laudem eorum
82 3085 1695 3147 jam prope senescentem ab oblivione hominum vindicarem. Cic.
19 3144 814 3211 fading, subst. Marcor. Plin.
20 3211 959 3277 to fag, i. e. labour, q. v. Lăbōro, 1.
17 3273 1028 3341 fagged, i. e. weary. Fessus, fătĭgātus.
18 3339 649 3402 a faggot. Fascis, masc.
17 3379 1946 3469 to fail, i. e. be deficient. Dēfĭcio, 3; dēsum.—In an attempt, or in conduct,
80 3463 1953 3536 offendo, 3.—We ought not to let our courage fail us. Non debemus ita
78 3527 1951 3599 cadere animis. Cic.—When any attempt failed. Quum parum quid-
80 3596 1953 3660 quam succederet. Liv.—You were afraid that I should fail in my duty.
80 3654 1952 3724 Verebare ne officio deessem. Cic.—There are many reasons for a man
79 3715 1954 3785 failing in his duty. Deserendi officii plures solent esse causæ. Cic.—
80 3778 1586 3838 Who can fail to see? Quis non videt? Cic.—See failure.
