1981 3884
18 17 1946 90 failure, i. e. deficiency, q. v. Dēfectio, dēfectus, 4.—If there had been
77 83 1945 146 any failure (i. e. want of success). Sin aliquid esset offensum. Cic.—
76 147 1941 213 Hearing that his hopes had resulted in failure. Audito spem ad irritum
74 212 1946 280 redsctam. Liv.—So that Scipio departed on the failure of his attempt.
76 275 1214 339 Ut Scipio abscederet inde irrito incepto. Liv.
18 336 619 401 a failing, error. Culpa.
17 400 438 465 fain—See gladly.
18 465 1946 531 to faint. Dēfĭcior, 3; linquor, 3 (Ov.); linquor animo (Suet.); i. e. be
70 530 867 593 languid, langueo, 2; languesco, 3.
17 591 1943 662 faint. Dēbĭlis; (with labour, etc.,) fractus.— A faint voice, exigua vox.
70 657 180 717 Virg.
18 716 1408 786 a fainting fit. Defectio (Plin.), defectus animi. Plin.
18 782 977 850 fainthearted. Tĭmĭdus, segnis -ĭners.
18 846 774 911 a fair. Nundīna, mercātus, 4.
18 909 1944 979 fair (of complexion), i. e. not dark. Candĭdus, nĭveus, ĕburneus, ĕburnus
69 976 1946 1047 (the three last used of the limbs or features, rather than of the person);
28 1042 1947 1107 i e. beautiful, pulcher, formōsus, dĕcōrus, vĕnustus, spectabĭlis, conspĭ-
71 1105 1949 1192 ciendus; (very fair,) ēgrĕgius, exĭmius; (of weather,) sĕrēnus, tranquillus;
71 1170 1640 1233 i. e. just; æquus, justus; (of the wind, i. e. not foul,) sĕcundus.
23 1228 967 1296 fairweather. Sĕrēnĭtas, tranquillĭtas.
23 1292 1946 1362 fairly, i. e. with justice. Juste, jūre; i. e. beautifully, pulchre; i. e. suffi-
74 1360 1428 1428 ciently, tolerably, sătis; i. e. deservedly, mĕrĭto, jūre.
24 1419 1437 1490 fimess, i. e. beanty. Pulchritūdo; i. e. equity, æquitas.
23 1483 558 1546 fairspoken. Blandus.
23 1548 414 1611 a fairy. Lămia.
24 1610 964 1682 faith. Fīdes; i. e. confidence, fīdūcis.
26 1676 718 1746 to have faith in. Crēdo, 3.
25 1737 614 1808 faithful. Fīdus, fīdēlis.
24 1801 552 1869 faithfully. Fĭdēlĭter.
24 1865 1274 1937 faithless. Infīdus, perfĭdus, perfĭdiōsus, infĭdēlis
23 1928 905 2000 faithlessly. Perfĭdiōse, infĭdēlĭter.
23 1992 917 2060 faithlesness. Perfĭdia, infĭdēlĭtas.
22 2057 803 2116 as falchion. Ensis.—See sword.
22 2121 808 2207 a falcon. Accĭpĭter -tris, masc.
21 2187 1947 2257 to fall. Cădo, 3; dēcido, concido; less violently, labor, 3; dclabor, -ruo, 3;
69 2253 1335 2321 violently (so as to be injured or destroyed), corruo.
22 2315 1429 2386 to fall, i. e. die, to fall in battle, &c. Occĭdo, occumbo, 3.
23 2381 1453 2448 to fall away (as false friends). Dēfĭcio, 3.—See to desert.
22 2442 1055 2515 to fall back, i. e. retreat. Cēdo, 3; rĕcedo.
23 2506 1260 2578 to fall forward (to fall on one’s face), prōcumbo, 3.
23 2569 1422 2640 to fall from, off, or out. Excĭdo, decĭdo, ēlabor, dēlabor.
21 2633 1060 2704 to fall into. Incĭdo, c. in and acc., illabor.
22 2697 1769 2770 to fall off, i. e. degenerate, become worse. Dēgĕnĕro, 1; dēflōresco, 3.
22 2761 1067 2833 to fall out, i. e. quarrel, q. v. Dissentio, 4.
22 2824 1949 2899 to fall upon, i. e. to attack, q. v. Incido, c. in and acc., invado, 3; aggrĕdior,
74 2890 1952 2963 3; iruo, c. in and acc.—Yon Roman knights, I say, for my sake fell at
71 2951 1950 3029 the feet of that shameless profligate. Vos equites Romani vos inquam pro
70 3024 1952 3090 meo capite ad pedes cerronis impurissimi projecistis.—They fall in with
72 3079 1949 3140 Lucretius the consul. Incidunt in Lucretium consulem. Cic. See to
71 3154 1950 3218 meet—Such terror suddenly fell upon (the city). Tantus terror repente
48 3209 1951 3280 invasit (urbem sc.). Cæs.—He fell upon the rear of the Romans with
71 3279 1951 3343 more impetuosity. Acrius ultimis incidebat Romanis. Cæs.—See to
72 3341 1952 3410 attack.—Ajax fell upon his sword. Ajax gladio incubuit. Cic.
71 3406 1952 3478 —Like courtiers paying homage, they fell on their faces. More adu-
72 3459 1953 3537 lntium procubuerunt. Liv.—Can any word of piety fall from that mouth?
76 3525 1957 3601 lsto ore religionis verbum excidere aut elabi potest. Cic.—The price of
71 3595 1952 3654 corn had not fallen much. Annona haud multum laxaverat. Liv.—See to
74 3655 277 3713 diminish.
22 3718 1669 3795 a fall. Cāsus, 4; lapsus, 4; i. e. ruin, ruīna; of prices, imminutio
22 3780 659 3861 fallacicus. Fallax, falsus.
