2003 3870
19 18 819 80 fallaciously. Fallācĭter, falso.
16 80 903 146 fallacy. Fallācia, fraus -dis, fem.
19 145 501 207 fallibility. Error.
18 207 978 273 fallible, to be fallible. Falli possum.
19 271 773 335 fallow, of deer, &c. Fulvus.
20 336 533 388 a fallow. Nŏvālis.
20 399 1946 463 false, of a statement. Falsus, fictus.—Of a person inclined to deceive, fallax,
86 465 1948 531 dŏlōsus, perfidus.—Of money, i. e. counterfeit, ădulterīnus.—Of hopes, &c,
87 532 433 588 vānus, irrĭtus.
22 592 435 654 falsely. Falso.
22 657 661 709 falsehood. Mendācium.
22 718 1191 784 falsification (of documents, &c.). Corruptio.
23 782 933 849 to falsify. Corrumpo, 3; vĭtio, 1.
24 846 845 909 to falter. Hæreo, 2; hæsito, 1.
21 908 902 973 faltering. Hætĭtatio, hæsĭtantia.
21 972 558 1040 fame. Fama, glōria.
22 1035 1954 1105 famed, famous. Clārus, præclārus, nōbĭlis, incly̆tus, cĕlĕber -bris -bre, in-
89 1105 242 1164 signis.
24 1163 1952 1237 familiar, i. e. belonging to the family. Fămĭliaris, dŏmestĭcus; i. e. ordinary,
88 1233 1952 1299 commūnis; i. e. intimate, fămĭliaris.—Names which custom has now
88 1297 1954 1360 made familiar. Nomina quæ nunc consuetudo trivit. Cic.—Things
88 1359 1950 1423 which are notorious and familiar to all. Quæ patent, quæ nota sunt om-
85 1423 1952 1491 nibus. Cic.—He should be familiar with all the topics of philosophy.
91 1486 1531 1553 Habeat omnes philosophiæ notos et tractatos locos. Cic.
23 1547 1362 1617 familiar with, a friend of, q. v. Conjunctus, c. dat.
22 1611 1955 1680 familiarity, i. e. friendship, q. v. Fămĭliārĭtas, consuetūdo; i. e. knowledge
90 1677 520 1737 (q. v.) of, nōtĭtia.
21 1734 695 1800 familiarly. Fămĭliārĭter.
22 1800 1956 1871 family, in every sense. Dŏmus, 4 (with some cases as if 2.); i. e. a house-
88 1865 1955 1938 hold, familia; i. e. relationship, descent (in such phrases as “of a noble
87 1930 1979 1999 family”), gĕnus -ĕris, neut.; stirps -is, fem.; sanguis -ĭnis, masc.—
90 1994 1957 2064 Shall our family, then, never be left in peace? Nunquam, ergo, familia
87 2062 731 2123 nostra quieta erit? Sall.
25 2120 1870 2190 the head of a family or household. Paterfamilias, gen. patrisfamilis.
24 2185 1957 2258 of a family, belonging to a family, or to the same family. Gentilis.—
91 2252 1956 2319 Marcus Pennus belonging, Brutus, to the same family as youself. Marcus
90 2316 808 2382 Pennus tuus, Brute, gentilis.
27 2378 1156 2445 a being of the same family. Gentīlĭtas.
26 2440 469 2497 famine. Fămes.
26 2503 1757 2575 famishing, famished. Fame confectus, fame ēvectus, both in Cic.
26 2567 1595 2638 famously. Clāre, præclare; i. e. very well, optĭme, mīrĭfĭce.
27 2632 513 2685 a fan. Flābellum.
27 2695 1959 2767 to fan. Ventĭlo, 1 (Juv.); i. e. to encourage, q. v., fŏveo, 2; stĭmŭlo, 1;
91 2761 349 2821 concĭto, 1.
27 2821 556 2880 fanatic. Fānātĭcus.
26 2887 550 2942 fanaticism. Fŭror.
26 2950 1958 3021 fanciful, i. e. proceeding from a lively fancy. Ingĕniōsus; i. e. whimsical,
92 3017 997 3080 lĕvis, mūtābĭlis, mōbĭlis, inconstans.
27 3079 1962 3148 fancifully. Ingĕniōse; i. e. in various ways, vărie; i. e. whimsically, leviter,
92 3149 407 3198 inconstanter.
26 3209 1964 3280 fancy. Ingĕnium.—He lived according to the fancy of others, not his own.
94 3273 1965 3342 Vixit ad aliorum arbitrium, non ad suum. Cic—So that slaves may be
90 3339 1965 3407 able to oppress you and us according to their fancy. Ut ad libidinem suam
94 3405 1499 3471 servuli fortunas vestras nostrasque vexare possint. Cic.
29 3462 1966 3535 to fancy, i e. imagine. Fingo, 3; i. e. like, ămo, 1.—He confesses that
93 3525 1965 3599 he always fancied a rough and unpolished way of life. Fatetur sibi vitam
92 3593 1966 3659 semper horridam et aridam cordi fuisse. Cic.— I fancy that I see
92 3656 1902 3724 Cethegus before me. Versatur mihi ante oculos Cethegi aspectus. Cic.
26 3716 725 3782 a fane. Templum, fānum.
27 3781 691 3846 a fang. Dens -tis, masc.
