2096 3888
36 17 1713 86 fantastic, i. e. fanciful, q. v. Lĕvis; i. e. singular, nŏvus, vărius.
37 84 1090 146 far, adj. Longinquus, rĕmōtus, distans.
38 148 2021 213 far, adv. Prŏcul, longe.—It is so far from being a duty, that nothing can
116 212 2021 278 be more contrary to duty. Id tantum abest ab officio, ut nihil magis officio
115 276 2024 343 possit esse contrarium. Cic.—But I am so far from extolling them that
168 341 2025 405 ...Ego vero istos tantum abest ut ornem, ut.... Cic.—I entreat
114 381 2025 470 you to aid these men as far as your dignity will permit. Peto a te ut his,
117 469 2027 531 quantum tua dignitas, patietur, commodes. Cic.—I beg of you to assist
120 533 2027 596 him in all things as far as you can without annoyance to yourself. Peto a
120 596 2023 658 te ut omnibus in rebus, quod sine molestiâ tuâ facere possis, ei commodes.
122 661 2027 724 Cic.—That as far as possible my wish for your presence may be allayed
121 723 2028 787 by my own busy state. Ut quoad ejus fieri possit præsentiæ tuæ desi-
124 789 2030 853 derium meo labore minuatur. Cic.—The prætor was ordered to prevent
120 852 2030 917 them from doing that as far as he could without war. Id eos ut prohiberet,
123 915 1586 979 quoad ejus sine bello posset prætori mandatum est. Liv.
51 981 527 1031 a farce. Mīmus.
52 1042 618 1094 farcical. Rīdĭcŭlus.
53 1099 2032 1172 to fare. Ăgo, 3.—That man fares well on a little. Vivitur parvo bene.
126 1175 253 1221 Hor.
53 1216 2034 1300 fare, i. e. food, q. v. Victus, 4; i. e. money for conveyance, vectura (Plaut.),
127 1301 1452 1364 viātĭcum (strictly the whole expenses of a journey).
55 1362 2037 1427 farewell. Văle, def.—Farewell ye woods. Vivite sylvæ. Virg.—Con-
39 1430 659 1492 cedite sylvæ. Virg.
58 1490 866 1553 to bid farewell. Vălĕdīco, 3.
59 1557 794 1623 a farm. Fundus, prædium.
61 1620 2040 1681 to farm, i. e. cultivate. Cŏlo, 3; excolo; i. e. contract for revenues, &c.,
131 1686 1237 1745 condūco, 3; i. e. to let to others, lŏco, 1.
62 1743 2040 1812 a farmer, of land. Āgrĭcŏla, masc., rūrĭcŏla, masc., cŏlōnus; (of revenues, &c.)
133 1816 659 1873 rĕdemtor, conductor.
64 1878 892 1940 farrago. Farrāgo -ĭnis. Juv.
18 1942 880 2003 a farrier. Vĕtĕrīnārius. Col.
18 2002 1398 2072 farther, adv. Ultra; i. e. moreover, q. v., prætĕrea.
65 2066 2047 2130 farther, adj. Ultĕrior.—Farthest, ultĭmus, extrēmus (neither ever followed
136 2134 1221 2197 by a case, or by a prep.), maxime distans.
67 2195 2044 2264 a farthing. Tĕruncius.—They agree to a farthing. Ad nummum con-
138 2262 451 2310 venit. Cic.
69 2327 716 2387 fasces. Fasces, pl. masc.
70 2388 1377 2453 to fascinate, lit. Fascino, 1; metaph., irrētio, 4.
67 2449 1795 2516 fascination, lit. Fascĭnum, fascĭnātio (Plin.); metaph., illĕcĕbræ.
73 2514 2048 2580 fascine.—Having collected fascines to fill the Roman fosses, they proceed
143 2582 2054 2645 to the camp. Sarmentis virgultisque collectis quibus fossas Romanorum
141 2646 1214 2709 compleant, ad castra pergunt. Cæs.
77 2709 2052 2771 fashion, i. e. custom. Mos, mōris, masc.; consuetudo; i. e. form, q v.,
145 2775 504 2838 forma, fĭgūra.
78 2834 1735 2900 to fashion. Fingo, 3; formo, 1; conformo; făcio, 3; fĭgūro, 1.
81 2901 835 2963 a fashioning. Conformātio.
81 2959 2057 3043 fashionable. Ūsĭtātus.—Out of fashion, rustĭcus; i. e. gone by, ob-
154 3033 343 3079 sŏlētus.
86 3088 2061 3158 a fast. Jējūnium.—Fast-days, exitiales feriæ (is the expression of the
156 3159 675 3222 parasite in Plautus).
86 3216 2064 3281 to fast.—But, lo! while Cleomenes was drunk and every one else fasting,
158 3282 2067 3350 news is brought... Ecce autem Cleomene ebrio, esurientibus cæteris,
158 3353 410 3400 nuntiatur.
90 3409 2066 3476 fast, i e. firm. Firmus, stăbĭlis; i. e. trustworthy (as, a fast friend), fīdus,
169 3473 1759 3540 fīdēlis; i. e. swift, q. v., cĕler -ĕris -ĕre, răpĭdus, vēlox, cĭtus.
92 3536 2069 3602 fast, adv. Firme, firmĭter, stăbĭlĭter; i e. rapidly, cĕlĕrĭter, răpĭde,
166 3609 395 3658 vēlōcĭter.
95 3641 2072 3735 to fasten. Fīgo, 3; configo; by binding, lĭgo, 1; colligo, 1; vincio, 4 (see
167 3729 2072 3799 to bind).—A door, &c., claudo, 3.—To fasten to, affigo, alligo.—And at
176 3794 2067 3863 this time Scaptius fastens on me an expression in a letter of Brutus.
