2013 3885
81 17 1989 86 Atque hoc tempore ipso impingit mihi epistolam Scaptius Bruti. Cic.—
80 85 1985 149 That he may not fasten disgrace on the pure, and infamy on the good.
84 150 1313 215 Ne probrum castis infamiam bonis inferat. Cic.
18 211 1984 277 to fasten on, i. e. seize (as a disease, or an unwelcome companion).
82 281 352 343 Arĭpio, 3.
19 343 667 407 a fastening. Vincŭlum.
18 407 661 460 fastidious. Fastīdiōsus.
18 472 688 533 fastidiously. Fastīdiōse.
19 536 996 598 fastidiousness. Fastīdium, fastus, 4.
20 598 617 664 fasting, adj. Jējūnus.
18 661 1818 729 a fastness, i. e. a stronghold. Castellum, mūnĭmentum, arx -cis, fem.
18 725 912 792 fat, adj. Pinguis, ŏpīmus, ŏbēsus.
19 781 646 851 fat, subst. Ădeps -ĭpis.
20 852 1838 918 a being fat. Pinguēdo (Plin.); pinguetudo (Plin.); ŏbēsĭtas. Plin.
24 918 677 982 to grow fat. Pinguesco.
21 981 1894 1046 to fat or fatten. Pinguefacio, 3; săgīno, 1 (esp. as an animal for food).
21 1045 1281 1110 a fattening, esp. of animals for food. Sagīnātio.
20 1105 1976 1174 fatal, i. e. destructive. Exĭtiōsus, exĭtialis, fūnestus, pestĭfer, permĭciosus
83 1173 1979 1238 —Of wounds, poison, &c., mortĭfer -ĕra, -erum; *lētĭfer, *lētālis; i. e. in
85 1236 1978 1297 accordance with fate, fātalis.—The state has come to the end of this
87 1302 1978 1369 miserable and fatal war. Perfuncta respublica est hoc misero fatalique
86 1369 379 1418 bello. Cic.
21 1416 1992 1493 fatalty. Fātum.—This is how that fatality first arose. Hinc vobis
87 1494 1157 1557 extitit primum fatalis illa necessitas. Cic.
22 1555 1783 1622 fatally. Peroĭciose, pestĭfĕre; i. e. in accordance with fate, fātālĭter.
22 1621 1976 1685 fate. Fatum, sors -tis, fem. (used of the destiny allotted to a man, but not
88 1681 1655 1747 of the power which assigns it).—The Fates, Parcæ, *Sŏrōres.
25 1748 1976 1811 fated, i. e. appointed by fate. Fātālis; i. e. destined to destruction, dēvōtus.
92 1814 579 1876 Ill-fated, infēlix.
23 1870 1978 1939 a father. Păter -tris, gĕnĭtor, părens, *sător, *creator.—To be the father
90 1943 384 2005 of, gigno, 3.
25 2003 1112 2067 of a father, fatherly. Păternus, pătrius.
23 2058 898 2132 to father, i. e. adopt. Ădopto, 1.
25 2133 785 2184 a father-in-law. Socĕr -ĕri.
24 2200 533 2249 fatherless. Orbus.
26 2262 980 2327 to fathom. Explōro, 1; perspĭcio, 3.
23 2326 1046 2390 to fatigue. Fătigo, 1; defatigo, *lasso.
24 2389 1579 2454 fatigue. Fătīgātio, dēfatigatio, lassĭtūdo; i. e. labour, lăbor.
23 2455 1595 2518 fatigued. Fessus, dēfessus, lassus, fatigatus.—See to fatigue.
25 2518 1462 2581 to be fatigued. Lăbōro, 1, lassesco, 3; no perf. Plin.
25 2582 1032 2645 fatuity. Stultĭtia, fătuĭtas.—See folly.
24 2644 1975 2712 a fault. Culpa, peccatum.—Error, errātum, vĭtium.—Those who, by
89 2708 1976 2772 violations of the constitution have committed unpardonable faults. Qui
89 2771 1976 2838 republicâ violandâ fraudes inexpiabiles concepissent. Cic.—If Milo
87 2836 1976 2902 had committed any fault which he could not honestly and truly defend.
92 2899 1976 2963 Si Milo admisisset aliquid quod non posset honeste vereque defendere.
92 2966 185 3015 Cic.
26 3029 879 3093 faultily. Măle, mendōse, prāve.
27 3094 1979 3159 faulty. Of things, mendōsus.—Of persons, prāvus.—Of persons or things,
93 3159 583 3221 vĭtiōsus, culpandus.
28 3222 1977 3286 to favour. Făveo, 2; *aspĭro, 1; both c. dat.—Why do you ask any one
93 3286 1969 3350 to favour or assist you? Cur tu quenquam ut studeat tibi? ut adjuvet te,
92 3352 420 3410 rogas? Cic.
26 3409 2004 3477 favour. Făvor, grātia.—A favour, grātia, bĕnĕfĭcium, benefactum, mĕrĭtum.
92 3476 1977 3543 —So that Pompey, by acquitting him, thought that he was gaining the
91 3539 1976 3617 favour of the whole province. Ut Pompeius a provinciâ totâ se hujus
89 3603 1977 3670 absolutione inire gratam arbitraretur; also, ineo gratiam cum (Cic.), or
89 3667 1974 3733 apud, or ad. Liv.—How much did I recommend you to his favour.
98 3730 1975 3798 Te apud eum quantâ in gratiâ posui. Cic.—In the conferring and
93 3792 1975 3860 receiving of favours. In dandis recipiendisque meritis. Cic.—A de-
