1967 3883
95 16 1942 99 testable class of men, who reproach one with the favours which they have
94 98 1943 161 conferred. Odiosum genus hominum officia exprobrantium. Cic.—He
91 163 1943 225 said that you had conferred many favours on all his friends. Dixit te
87 225 1939 290 sæpe bene meritum esse de suis omnibus.—By your favour let me say it.
84 288 1940 352 Pace tuâ dixerim (Cic.); so, bonâ veniâ hujus optimi viri dixerim. Cic.
83 353 1941 418 —As if they did that out of favour to the party. Quasi id studio
81 416 1940 483 partium fecerint. Cic.—Caius Flaminius is said to have been in great
82 479 1940 545 favour with the people because of his eloquence. Dicitur C. Flaminius
80 546 945 606 ad populum valuisse dicendo. Cic.
27 606 1940 671 favourable, of persons. Æquus.—Of circumstances, felix, faustus.—Of a
79 673 1937 735 wind, sĕcundus.—The sacrifice not being favourable. Sacrificio non
75 735 1939 801 litante. Suet.—You would see it in a more favourable light. Mitiorem
73 799 818 861 in partem interpretarere. Cic.
24 859 1937 926 favourably. Fēlīcĭter, fauste.—I hope that those things (which I have
75 926 1937 992 said) have been favourably received by you. Ea, judices, a vobis spero
74 991 959 1054 in bonam partem esse recepta. Cic.
23 1052 514 1104 a favourer. Fautor.
24 1115 1936 1182 a favourite. Grātiōsus, acceptus, both c. dat.—(Saying) that the people
74 1181 1934 1248 fattened up its favourites to kill them. Saginare plebem populares suos ut
71 1246 489 1308 jugulentur. Liv.
25 1309 764 1370 a fawn. Hinnŭlus, hinnŭleus.
25 1373 1284 1433 to fawn on. Blandior, 4; assentor, 1 both c. dat.
25 1434 1933 1504 fawning ways. Blandĭtiæ; oftenest in pl. blandīmenta -orum, neut. pl.; as-
74 1504 251 1551 sentātio.
27 1565 739 1619 one who fawns. Assentator.
27 1625 506 1691 fawning. Blandus.
27 1690 736 1757 in a fawning way. Blande.
25 1752 362 1816 fealty. Fĭdes.
25 1816 1177 1885 fear. Tĭmor, păvor, formīdo, mĕtus, 4; terror.
25 1883 1929 1950 to fear. Tĭmeo, 2; pertĭmesco, 3; mĕtuo, 3; horreo, formldo, 1; păveo (the
72 1949 1930 2011 most usu. word for “to be in a state of alarm,” sine c.), *expăvesco, 3 (used
72 2012 403 2076 only by Plin.).
23 2071 1926 2139 fearful, i. e timid. Tĭmĭdus, păvĭdus; i. e. dreadful, q. v., formīdŏlōsus, dīrus.
22 2134 692 2202 fearfully. Tĭmĭde, păvĭde.
22 2197 1666 2270 fearless. Impăvĭdus, intrĕpĭdus, interrĭtus, imperterrĭtus.
21 2261 565 2332 fearlesly. Impăvĭde.
23 2323 977 2382 fearlessness. Audācia.—See boldness.
23 2388 442 2448 feasible. Făcĭlis.
23 2453 1925 2524 a feast. Convīvium, ĕpŭlæ, ĕpŭlum, dăpes, pl. fem. (sing. in poet. but rare),
69 2524 764 2580 cœna; i. e. a festival, festum.
22 2577 1923 2652 to feast, intrans. Ĕpulor, 1; convīvor, 1; cœno, 1.—Every one feasts
67 2645 1926 2715 them according to his fortune. Pro fortunâ quisque apparatis epulis ex-
30 2711 325 2771 cipit. Tac.
21 2767 712 2842 feasting, the act. Ĕpŭlatio.
21 2834 856 2903 belonging to a feast. Convīvālis.
21 2899 795 2962 a giver of a feast. Convīvātor.
21 2962 909 3031 a feat. Factum, făcĭnus -ŏris, neut.
18 3024 478 3083 a father. Plūma.
21 3088 574 3148 of feathers. Plūmeus.
19 3152 653 3212 a feature. Lĭneāmentum.
18 3211 544 3290 febrile. Fēbrīcŭlōsus.
18 3275 583 3344 February. Fēbruarius.
18 3340 761 3417 feces. Fæx -cis, fem., usu. pl.
17 3403 975 3479 fecundity. Fœcundĭtas.—See fertility.
18 3467 516 3530 federal. Fœdĕrātus.
20 3532 1438 3607 a fee. Merces -ēdis, fem.; præmium, mūnus, -ĕris, neut.
18 3595 546 3668 to fee. Rĕmūnĕror, 1.
20 3655 1208 3730 feeble. Dēbĭlis, infirmus, imbĕcillus.—See weak.
20 3719 881 3797 feebleness. Dēbĭlĭtas, imbēcillĭtas.
21 3783 726 3859 feebly. Infirme, imbēcillĭter.
