1964 3853
25 15 1940 85 to feed, trans. Pasco, 3 (see to nourish); intrans. to feed upon, pascor, as
84 83 1794 147 dep., *dēpasco and depascor, vescor, 3; ĕdo, 3; cŏmĕdo.—See to eat.
21 150 726 211 feed, i. e. pasture. Pastus.
22 209 1345 274 a feeder. Pastor (in use only as a feeder of sheep).
22 273 1935 338 to feel, i. e. perceive. Sentio, 4; *persentio, percĭpio, 3.—With the hand,
86 338 1937 403 tracto,1; contrecto, attrecto (see to touch); i. e. to touch, tango, 3; attingo
83 401 1938 468 —When the senate felt for the agitation of the young man. Cum senatus
84 467 1936 532 perturbatione juvenis movebatur. Cic.—I press him too closely; the
84 530 1934 598 young man seems to feel it. Nimis urgeo; commoveri videtur adolescens.
86 594 1936 659 Cic.—I feel it very strongly (i. e. am vexed at it). Magnam animo moles-
83 657 1933 723 tiam capio. Cic.—That they might feel as the orator would have them
83 721 1819 786 feel. Ut eorum ita afficerentur animi ut eos affici vellet orator. Cic.
19 784 1932 848 feeling. Sensus, 4; of the mind, affectus, 4; affectio; i. e. touch, q.v
81 846 1933 915 tactus, 4; contactus.—Therefore I must either hurt the feelings of a vey
85 912 1930 977 dear friend. Itaque aut amicissimi hominis existimatio offendenda et
85 976 1931 1041 Cic.—We have always had the same feelings in every variety of for-
82 1040 1935 1104 tune. Animos eosdem in omni fortunâ gessimus. Liv.—He had a
83 1103 1932 1170 long conversation with me, full of good feeling. Multum is mecum sermo-
81 1167 941 1230 nem habuit et perhumanum. Cic.
17 1229 1073 1309 feeling, adj. Hūmānus, mĭsĕrĭcors -dis.
19 1298 643 1362 feelingly. Humane.
20 1356 1929 1422 to feign. Fingo, 3; to have what one has not, sĭmŭlo, 1; not to have
83 1425 681 1487 what one has, dissimulo.
20 1484 1401 1548 one who feigns (see above). Sĭmŭlātor, dissimulator.
19 1549 471 1613 feigned. Falsus.
19 1611 1408 1677 feignedly. Ficte, simulate, dissimulate.—See to feign.
19 1676 757 1739 a feigning. Fictio. Quint.
18 1738 1401 1803 a feint. Sĭmŭlātio, dissĭmŭlātio.—See above, to feign
19 1800 1927 1867 to felicitate. Grātŭlor, 1; congrātŭlor (but wherever this word occurs,
81 1866 1928 1932 some ed. read gratulor), both c. dat. pers., acc. of the cause, but more usu.
82 1929 720 1993 c. de or pro or in and abl.
18 1992 648 2043 felicitation. Gratulatio.
18 2058 1024 2122 felicitous. Fēlix, faustus.—See happy.
18 2122 815 2184 felicitously. Felīcĭter, fauste.
20 2186 523 2249 felicity. Fēlīcĭtas.
19 2251 862 2313 fell. Dĭrus, sævus.—See savage.
20 2311 1762 2376 to fell. Sterno, 3; prosterno, dējĭcio, 3.—Timber, cædo, 3; concīdo.
19 2377 801 2444 fellness. Sævĭtia, immānĭtas.
19 2441 894 2504 a felloe. Apsis -ĭdis, fem. Plin.
20 2499 1925 2571 a fellow, i. e. match for. Æquălis, par, păris; i. e. companion, q. v., sŏcius
87 2569 1170 2635 fem. sŏcia; cŏmes -ĭtis, masc., fem. sŏdālis.
22 2631 997 2698 to fellow, i. e. equal, q. v. Æquo, 1.
20 2692 1856 2761 fellowship, i. e. intercourse. Sŏciĕtas, sŏdālĭtas, consuetūdo, consŏciātio.
18 2756 1201 2820 a fellow-citizen, fellow-countryman. Cīvis.
20 2819 1927 2885 a fellow-feeling. Consensio, consensus, 4.—To have a fellow-feeling, con-
84 2886 684 2949 sentio, 4.—See to agree.
22 2948 809 3000 a fellow-servant. Conservus.
23 3011 1102 3076 a fellow-soldier. Commĭlĭto -ōnis, masc.
22 3076 901 3142 a fellow-student. Condiscĭpŭlus.
22 3142 428 3191 a felon. Reus.
22 3203 924 3256 felonious. Nĕfārius.—See wicked.
23 3263 596 3331 feloniously. Nĕfārie.
22 3331 742 3393 felony. Crīmen -ĭnis, neut.
22 3392 1001 3457 felt. Coactæ (lanæ understood).
20 3455 969 3524 female, subst. Fēmĭna, mŭlier -ĕris.
23 3519 1196 3586 female, feminine, adj. Fēmĭneus, mŭliēbris.
23 3573 667 3649 a fen. Pălus -ūdis, fem.
24 3644 1569 3716 of a fen, like a fen, fenny. Păluster -tris -tre, pălūdōsus.
23 3706 827 3770 a fence. Sēpes, vallus, vallum.
27 3765 689 3829 to fence. Sēpio, vallo, 1.
