2006 3921
98 17 1413 89 to fence, combat. Dĭglădior, 1; used lit. and metaph.
89 80 1970 152 a fencer or fencing-master. Lănista.—The art of fencing is of some use
142 146 1969 220 both to a gladiater and a soldier. Ars ipsa ludicra armorum et gladiatori
138 213 854 279 et militi prodest aliquid. Cic.
83 268 564 330 fennel. Marathrum.
79 335 1515 408 to ferment. Fermentor, 1 (Plin.); fermentesco, 3. Plin.
81 396 613 471 fern. Fĭlix -ĭcis, fem.
80 458 1936 534 ferocious. Fĕrox, fĕrus, effĕrus, sævus, immānis, trux -trucis, trŭcŭlentus.
78 522 1087 594 ferociously. Fĕrōcĭter, sæve, immānĭter.
78 587 1463 661 ferocity. Fĕrōcĭtas, fĕrōcia, sævĭtia, immānĭtas, fĕrĭtas.
79 651 703 712 a ferret. Vĭverra. Plin.
77 716 717 789 to ferret out. Exquīro, 3
74 779 600 850 a ferry. Trajectus, 4.
75 841 1863 918 to ferry across. Trājĭcio, 3; transporto, ; transveho, 3; transmitto, 3.
71 906 1328 978 a ferryman. Portĭtor, nāvĭta, masc.; nauta, masc.
72 967 1970 1045 fertile. Fertĭlis, fĕrax, fēcundus, lætus, pinguis, ūber -eris; no neut., the
71 1033 1532 1108 first three sometimes c. gen. of the crops, the latter sine c.
68 1096 1852 1171 in a fertile manner. Fēcunde, in comp. and superl. ūbĕrius, ūberrĭme.
69 1159 692 1232 to fertilise. Fēcundo, 1.
69 1219 1321 1300 fertility. Fertĭlĭtas, fēcundĭtss, *ūber -ĕris, neut.
65 1285 925 1360 fervency, fervour. Fervor, ardor.
68 1348 1439 1425 fervent. Fervĭdus, fervens, ardens, vīvĭdus, vehĕmens.
67 1409 920 1486 fervently. Ardenter, vehĕmenter.
66 1478 934 1553 to be fervent. Ardeo, 2; insto, 1.
68 1541 501 1604 a ferule. Fĕrŭla.
67 1604 784 1683 to fester. Suppūro, 1. Col.
63 1667 715 1742 a festival. Festum, fēriæ
64 1730 821 1800 keeping a festival. Fēriātus.
60 1794 684 1873 festive. Festua, lætus.
58 1857 779 1935 festivity. Lætĭtia, gaudium.
58 1921 1971 2001 to fetch. Quæro, 3; pĕto, 3; dūco, 3; fĕrro, irr.; addūco, affĕro.— Far-
105 1988 790 2064 fetched, longe petitus. Cic.
54 2047 452 2114 fetid. Fœtĭdus.
55 2115 780 2188 to be fetid. Fœteo, 2. Col.
53 2173 473 2246 fetidity. Fætor.
53 2244 1971 2318 to fetter. Constringo, 3; vincio, 4.—A poet is more fettered than an
102 2316 1803 2383 orator by writing in verse. Poeta ortore est versu astrictior. Cic.
49 2368 1971 2446 a fetter., Vincŭlum, compes -ĕdis, masc., cătēna.—He does not hesitate to
87 2429 1990 2517 sentence Publius Lentulus to fetters. Non dubitat P. Lentulum vinculis
99 2507 1973 2574 mandare. Cic.—They had arrested him and put fetters on him. Com-
92 2569 1894 2638 prehenderant eum atque en vincula conjecerant. Cic.—See to imprison.
45 2630 498 2701 a feud. Jurgium.
46 2690 862 2764 a fever. Fēbris, febrīcŭla, dim.
43 2752 1309 2827 feverish, subject to fever. Febīcŭlosus. Plin.
41 2820 1184 2894 to have a fever. Fēbrio (Col); febricĭto, 1.
39 2878 922 2955 few. Pauci.—Very few, perpauci.
37 2941 1973 3018 how few.—For how few people are eloquent! Quotus enim quisque di-
88 3016 1976 3089 sertus! Cic.—For how few philosophers are found! Quotus enim quis-
45 3083 1188 3150 que philosophorum invenitur qui... Cic.
32 3138 550 3198 feness. Paucĭtas.
32 3205 415 3263 a fibre. fĭbra.
32 3265 1863 3337 fickle. Lĕvis, mūtābĭlis, inconstans, vărius, mōbĭlis, imăbĭlis, incertus.
28 3328 1496 3399 fickleness. Lĕvĭtas, inconstantia, mōbĭlĭtas, mūtabĭlĭtas.
27 3396 1655 3461 with fickleness. Lĕvĭter, inconstanter, mōbĭlĭter, mūtābĭlĭter.
26 3460 1419 3543 a fiction. Commentum; i. e. a falsehood, mendācium.
22 3521 944 3591 fictitious. Fictus, falsus.
21 3587 699 3657 fictitiously. Ficte, falso.
23 3651 468 3717 fidelity. Fĭdes.
17 3716 889 3788 fidgetty. Inquiētus, irrĕquiētus.
17 3779 1982 3851 a field. Ăger, ăgri; ăgellus (dim.); campus; of arable land, arvum.—A
