1980 3808
18 17 1826 90 a file. Lĭma.—A file of soldiers, agmen -ĭnis, neut.; in file, ordine.
20 85 1955 150 to file. Līmo, 1; ēlimo; to file, i. e. march, incedo, 3; to file off, i. e. march
83 156 372 211 off, discedo.
18 213 1956 282 fllial love. Pietas. Cic. says, “Quid est pietas nisi voluntas grata in
77 285 368 344 parentes?”
29 340 1954 407 to fill. Compleo, 2; impleo, 2; rĕpleo, expleo, eppleo, rĕfercio, 4.—
76 405 1956 469 As food, &c., sătio, 1—No one had been created pontifex maximus
78 467 1955 533 who had not filled a curule office. Nemo pontifex maximus creatus fuerat,
78 530 1955 594 qui sellâ curuli non sedisset. Liv.—That L. Equatuleius may have
73 593 1955 663 leave three years before the proper time to stand for and to fill magisterial
77 661 1954 728 offices. Uti L. Equatuleio triennium ante tempus magistratus petere,
76 721 1955 788 capere, gerere liceat. Cic.—Men of illustrious character and family,
77 784 1889 852 who have filled high offices. Homines clari nobiles et honore usi. Cic.
22 851 769 913 a fillet. Vitta, tænia, infŭla.
23 916 1326 980 crowned with a fillet. Vittatus, infulatus. Suet.
23 979 702 1040 a fillip. Talītrum. Suet.
25 1035 790 1107 a filly. Ĕqua, ĕquula. Vitr.
27 1108 815 1160 a film. Membrana.—See mist.
26 1171 1299 1237 to filter. Cōlo, 1 (Plin.); percolo (Lucr., Plin.).
29 1236 452 1287 a filter. Cōlum.
28 1295 1310 1362 filth. Sordes -um, pl. fem.; or filthiness, fœdĭtas.
27 1360 896 1424 filthily. Sordĭde, immunde, fœde.
30 1422 1211 1489 filthy. Sordĭdus, immundus, fœdus, obscœnus.
30 1486 562 1556 filtration. Purgatio.
32 1554 376 1605 a fin. Pinna.
34 1613 695 1679 final. Ultĭmus, extrēmus.
33 1676 1952 1749 finally, i. e. at last. Dēnĭque, postremo, postremum, ad finem; i. e. conclu-
85 1746 1385 1808 sively (as finally decided, &c.), ad ultimum, omnino.
36 1804 1952 1877 finance.—The finances of the state, ærārium, opes reipublicæ, pecunia
85 1873 1952 1940 publica; all in Cic.—No private finances can support the expense, nor
85 1939 1951 2006 can those the state. Sumptus nec res privatæ possunt sustinere, nec
86 2004 486 2062 respublica. Cic.
34 2059 632 2117 financial. Nummarius.
35 2125 696 2196 a finch. Fringills. Varr.
36 2188 1948 2257 to find. Invĕnio, 4; rĕpĕrio, 4.—I found him sitting down. Offendi
87 2254 1949 2320 eum sedentem. Cic.—See now how fair you shall find me. Hic vide
87 2317 1947 2387 quam me sis usurus æquo. Cic.—When we had found the wind foul.
87 2380 1948 2443 Cum sane adversis ventis usi essemus. Cic.—All that I say of Plancius,
90 2442 1947 2509 l say because I have found him so to me. Omnia quæ dico de Plancio
88 2507 1947 2577 dico expertus in nobis. Cic.—I found from your letter that you had
88 2568 1948 2642 heard. Intellexi ex tuis literis te audîsse.... Cic.— If you have
87 2632 1113 2707 found any one. Si quem es nactus. Cic
40 2694 1947 2767 to find out, i. e. invent, q. v. Invĕnio, rĕpĕrio; i. e. explain (a riddle, &c.),
89 2761 1611 2833 solvo, dissolvo, expĕdio; to invent, or to explain, excōgĭto, 1.
40 2817 1948 2894 fine, i e. delicate, thin. Tĕnuis, grăcĭlis, i. e. beautiful, q. v., pulcher -chra
92 2887 1945 2958 -chrum; formosus, ēgrĕgius, i. e. splendid, q. v., splendidus; of weather,
92 2950 1949 3022 sĕrēnus, tranquillus.—The fine weather, diei solisque serenitas. Cic.—
94 3011 1946 3087 It was notorious that a storm of rain had come on at Musia when it was
93 3074 1603 3178 fine. Musiæ sereno satis constabat nimbum ortum. Liv.
44 3136 422 3200 a fine. Mulcta.
44 3177 1946 3276 to fine. Mulcto, 1.—They fined M. Postumius 200,000 sesterces. Du-
96 3267 1947 3337 cntûm millium æris mulctam M. Postumio dixerunt (Liv.); so, mulctam
95 3330 372 3392 irrogo. Cic.
43 3389 788 3465 a fining (the act). Mulctātio.
47 3431 1946 3530 to be fine, i. e. splendid. Splendeo, 2; fulgeo, 2; effulgeo, 2; niteo, 2.—
98 3516 855 3594 To be eminently fine, præniteo.
46 3578 1029 3655 to make fine (the weather). Sĕrēno, 1.
49 3640 1326 3723 finely, i. e. splendidly. Splendĭde, i. e. well, bĕne.
49 3703 815 3784 finery. Omātus, 4; cultus, 4.
