2039 3850
27 17 2025 111 fineness (of weather). Sĕrēnĭtas, tranquillitas.—Of appearance, splendor.—
88 82 367 145 See beauty.
24 142 1143 215 finesse. Callĭdĭtas, astūtia, versūtia, dŏlus.
24 206 1495 306 fond of finesse. Callĭdus, vemūtus, dŏlōsus, vĕtĕrstōrius
25 270 986 337 a person fond of finesse. Vĕtĕrātor.
25 334 1999 410 to finesse.—That no one should finesse. Ne quis dolus adhibeatr. Cic
26 397 521 465 a finger. Dĭgĭtus.
27 462 1197 532 to finger. Tange, 3; attinga.—See to touch.
28 526 2015 608 to finish. Fīnio, 4; confĭcio, 3; perficio, abolvo, 3; pĕrăga, 3; per-
91 594 2014 666 pĕtro, 1—I do not see how I am to finish this speech which I have
92 656 2008 726 begun. Quemadmodum expediam exitum hujus institutæ orationis non
92 720 2004 794 reperio. Cic.—We are giving the finishing stroke, as it were, to a work
91 781 2004 860 begun, and indeed nearly completed. Operi inchoato prope tamen abso-
90 847 2004 915 luto tanquam fastigium imponimus. Cic.—This discussion is almost
91 907 1691 979 finished. Pæne ad exitum adducta quæstio. Cic.—See to end.
27 968 552 1027 a finisher. Fīnītor.
29 1033 1815 1111 the finishing (of anything). Pĕractio, absŏlutio, perfectio.—See end.
28 1095 1660 1178 finite, i e. limited. Fīnītus, dēfīnītus, circumscriptus, angustus.
27 1158 1240 1237 fir, subst. Ăbies, gen. abiĕtis, trisyll.; pĭnns, 4.
28 1230 712 1288 a grove of firs. Pĭnētum.
28 1289 846 1361 of fir. Pīneus, ābīegnus, trisyll.
28 1352 1497 1429 bearing fir-trees. Pīnĭfer -era -erum, pīnĭger -ra -rum.
27 1415 1987 1498 fire. Ignis; i. e. flame, flamma; i. e. a conflagration, incendinm, dēflagratio;
91 1485 858 1552 i. e. spirit, courage, q. v., ardor.
27 1542 1981 1621 to fire, i. e. set fire to. Incendo, 3; uro, 3; inflammo, 1; i. e. to excite,
90 1612 1980 1703 q. v., accendo, 3; stĭmŭlo, 1; excĭto, 1; i. e. to shoot (an arrow, &c.).
88 1674 1030 1742 q. v., mitto, 3; emitto, 3; prōjĭcio, 3.
26 1729 1132 1808 to be on fire. Flăgro, 1; deflagro, ūror, 3
25 1795 545 1860 a fireplaes. Fŏcus.
24 1859 790 1933 a firebrand. Fax, făcis, fem.
24 1923 996 2012 firing, i. e. fuel. Fōmes -ĭtis, masc.
25 1988 557 2057 a firkin. Amphŏra.
25 2050 1973 2136 firm, of men or things. Firmus; of men, constans, pertĭnax; of things,
90 2119 1970 2201 stăbĭlia—(He said) that he, however, would remain firm in his designs.
88 2181 1971 2263 Se tamen incepto perstaturum. Liv—I shall remain firm to my former
87 2248 1426 2324 opinion. In meâ pristinâ sententiâ permanebo. Cic.
25 2311 1235 2380 to make firm. Firmo, 1; confirmo, stăbĭlio, 4.
25 2371 1659 2449 the firmament of heaven. Ætheris axis. Virg.—See heaven.
23 2434 1553 2513 firmly. Fime, firmiter; of a man, constanter, pertĭnācĭter.
23 2497 1964 2582 firmness, of things. Stăbĭlĭtas; of man, constantia, pertĭnācia (esp. in
89 2565 963 2633 battle); of man or things, firmĭtas.
21 2622 1963 2709 first, of two. Prior.—Of many, primus; i. e. most excellent, præstntissĭmus,
86 2689 1964 2772 optĭmus.—Of all foreign nations Sicily was the first to embrace the
87 2751 1964 2838 friendship of the Roman people. Omnium nationum exterarum princeps
86 2815 1965 2898 Sicilia se ad amicitiam populi Bomani applicuit. Cic—The first man
84 2880 1968 2962 for wisdom and eloquence. Sententiæ et eloquentiæ princeps. Cic.—
86 2944 1962 3028 Which it is notorious is and has been from the beginning your first object.
84 3011 1964 3084 Quod tibi et esse antiquissimum et ab initio fuisse.... omnium sermone
83 3076 1965 3154 celebratum est. Cic.—They hasten to be the first to begin the war.
84 3139 844 3210 Occupant bellum facere. Liv.
17 3201 1610 3281 first, in the first place. Pīmum, primo, in primis, principio.
20 3327 1963 3413 fiscal.—Such great fiscal difficulties and embarrassments distressed him.
84 3394 1708 3471 Tanta difficultas eum rei nummariæ tanta egestss oppressit. Cic.
19 3455 855 3528 a fish. Piscis, dimin. picĭcŭlus.
20 3519 500 3583 to fish. Piscor, 1.
20 3581 1968 3666 a fisherman. Piscātor.—A person fond of fish-ponds or fishing, piscĭnārius.
18 3645 754 3706 fishing. Piscātus, 4. Plin.
17 3706 1251 3780 belonging to fishing (boats. &c.). Piscātōrius.
18 3768 843 3826 a fishmarket. Piscāria. Varr.
