2013 3867
117 18 1990 85 Hoc cum populus Romanus meminerit, me ipsum non meminisse turpissi-
111 91 355 142 mum est.
39 147 1277 211 To send for, arcesse, 3.—To go for, eo quæsitum.
33 212 840 274 forage. Pābulum, frūmentum.
30 274 1158 338 providing forage. Pabŭlātio, frumentatio.
32 340 1017 402 to forage. Pabŭlor, 1; frūmentor, 1.
34 403 971 466 a forager. Pabŭlator, frūmentātor.
32 466 1988 531 forasmuch as. Quŏniam, quandŏquĭdem, quum. There is no need to
105 531 1986 592 consider it with reference to the law, forasmuch as it is not mentioned in
103 594 1985 661 the law. Nihil attinet eam (causam sc.) ex lege considerare, quippe
102 658 949 719 quæ in lege scripta non sit. Cic.
29 713 1986 784 to forbear, i. e. to cease. Dēsino, 3; cesso, 1; dēsisto, 3; i. e. to abstain
100 787 1984 849 from, q. v., teneo, 2, more usu. teneo me, c. a and abl., or c. quin. and subj.;
99 850 1986 912 abstineo me; contineo me; pareo, 2, c. infin. or c. dat.—He began to cry
99 911 1985 977 out aloud; he could scarcely forbear tears. Vociferare palam, lacrymas vix
98 977 1984 1040 tenere. Cic.—Nor could he forbear even publishing a book against his
96 1039 1982 1101 teacher. Nec se tenuit quin contra suum doctorem librum etiam ederet.
99 1102 1982 1170 Cic.—They could scarcely forbear attacking them at once. Vix tempe-
96 1167 1445 1230 ravere animis quin extemplo impetum facerent. Liv.
23 1230 1040 1295 forbearance. Mŏdĕratio, tempĕrantia.
25 1293 1983 1356 to forbid. Prohĭbeo, 2, often c. ne, more rarely c. ut, or c. infin., some-
98 1360 1982 1422 times c. acc., or c. abl., or c. a and abl.; vĕto, 1., usu. c. infin. or c. acc.;
93 1424 1215 1485 interdĭco, 3, c. ne or c. abl., also c. dat. pers.
22 1485 1231 1550 a forbidding. Interdictio, prohibitio. Quint.
21 1548 1417 1613 forbidding (of a countenance, &c.). Sĕvērus, rĭgĭdus.
19 1612 1982 1676 force, in every sense. Vis (gen. vis, pl. vīres), fem.; i. e. violence, vĭolentia;
91 1677 1982 1742 i. e. strengtb, rōbur -ŏris, neut.—By force, vi, mănu (only of the force
94 1743 539 1805 exerted by man).
25 1805 1981 1868 to force, i. e. compel, q. v., cōgo, 3.—So that if the Romans attempted to
94 1869 1981 1932 force (or to force their way through) that marsh. Ut si eam paludem
93 1932 1981 1996 perrumpere Romani conarentur. Cæs.—They had now forced their way
91 1995 1977 2059 into the vestibule of the temple. Jam in vestibulum perruperant templi.
95 2060 1975 2124 Liv.—We must force our way through the enemy with the sword.
94 2125 1154 2187 Ferro rumpenda per hostes est via. Virg.
21 2185 1976 2251 to force from (a confession, money, &c., from a person). Exprĭmo, 3, c.
89 2253 680 2316 dat. pers.; extorqueo, 2.
19 2316 801 2377 forceps. Forceps -ipis, masc.
18 2374 1722 2441 forcible. Pŏtens, rōbustus (applied to eloquence, Cic.), vehĕmens.
20 2442 865 2503 forcibly. Pŏtenter, vehĕmenter.
18 2506 466 2555 a ford. Vădum.
17 2565 1974 2638 full of fords. Vădōsus.—The Rhone is fordable in some places. Rho-
92 2634 1174 2685 danus nonnullis locis vado transitur. Cæs.
19 2694 1971 2760 to ford.—They begin to sound the river to see if they can ford it. Illi
89 2759 1339 2824 vadum fluminis tentare, si transire possent. Cæs.
22 2825 926 2876 the forearm. Lăcertus.—See arm.
21 2887 699 2938 forearmed. Præmūnītus.
23 2950 1969 3017 to forebode, i. e. to foreshow. Ostendo, 3; portendo, 3; signĭfĭco, 1; i. e.
89 3015 1855 3079 to foresee, q. v., præsentio, 4; augŭror, 1; in either sense, præsāgio, 4.
21 3077 675 3143 foreboding. Augŭrium.
21 3142 1404 3206 to forecast. Prospĭcio, 3; provĭdeo.—See to provide.
24 3206 902 3268 forecast. Prōvĭdentia, prūdentia.
24 3269 788 3321 with forecast. Prōvĭdenter.
25 3334 526 3383 forecastle. Prōra.
24 3396 711 3448 foredoomed.—See doomed.
24 3460 1100 3526 forefathers. Pătres, mājōres, ăvi, proavi.
26 3523 982 3587 to forefend. Prohĭbeo, 2; āverto, 3.
26 3586 1006 3652 the forefinger. Index digitus. Hor.
27 3650 1960 3719 to forego, i. e. abstain from what one has not; tĕneo (2) me c. a and abl.;
88 3716 1711 3781 contineo; i. e. give up what one has, pōno, 3; dēpono, abjicio, 3.
27 3779 749 3843 foregoing. Prior, sŭpĕrior.
