1976 3852
27 18 1184 86 a fortune-teller. Sāga, măga.—See prophet.
28 86 560 147 forty. Quadraginta.
26 143 1776 208 forward, adj. Promptus, ălăcer cri tre.
27 212 741 271 forward, adv. Porro, ante.
28 271 1951 337 to forward, i. e. advance. Permŏveo, 2; prōveho, 3; prōfĕro, irr.; i. .
90 335 1950 401 assist, adjŭsto, 1.—To go forward, come forward, prōdeo, 4; prōgrĕdior,
94 406 447 465 3; prōcedo, 3.
28 465 847 528 forwardness. Ardor, ălăcrĭtas.
28 593 647 646 fossil. Fossĭlis. Varr.
28 649 1180 717 to foster. Ălo, 3; fŏveo, 2.—See to nourish.
27 712 1038 782 a foster-child. Ălumnus, fem. ălumna.
29 786 963 848 a fosterer. Altor, nūtrix —ĭcis, fem.
28 848 1949 913 foul, i. e. dirty. Immundus; i. e. base, turpis; in either sense, fœdus, sor
30 976 1446 1040 to foul. Inquĭno, 1; polluo, 3; măcŭlo, 1; commaculo.
29 1040 646 1103 foully. Fœde, turpĭter.
29 1105 1529 1167 foulness. Fœdĭtas, sordes, pl. f; i. e. baseness, turpĭtŭdo.
28 1168 1491 1231 foul-mouthed. Mălĕdĭcus, comp. -entior; contŭmēliōsus.
30 1230 1952 1296 to found. Condo, 3; fundo, 1.—Institutions, &c., instĭtuo; 3. —Conjec-
92 1294 1950 1391 tre on which divination is founded. Conjectura in quâ divinatio nititu.
28 1391 1951 1491 foundation. Fundamentum, substructio. —From the foundation of the
92 1489 853 1551 city. Ab urbe conditâ. Liv.
29 1546 1949 1609 a founder. Fundātor, condĭtor,—From whom our race is descended as its
95 1615 1310 1679 founder. Genus a quo principe nostrum. Virg.
30 1677 1556 1741 to founder, i. e. to sink. Mergor, 3; immergor, submergor.
29 1738 1034 1805 a fount, a fountain. Fons -tis, masc.
29 1806 675 1865 four. Quatuor, quăterni.
28 1867 1290 1932 four times. Quăter.—The fourth time, quartum.
29 1932 490 1994 fourth. Quartus.
28 1997 694 2057 fourteen. Quatuordecim.
29 2060 823 2120 fourteenth. Quartus decimus.
28 2124 1121 2188 four-footed. Quădrupes -ĕdis, masc., fem.
28 2189 639 2252 four-score.—See eighty.
27 2250 1948 2316 with four horses. Quadrĭjŭgus—A four-hosed chariot, quădrīga, mar.
91 2319 340 2377 usu. in pl.
27 2379 771 2442 four years old. Quădrīmus.
27 2441 840 2508 divided in four. Quāădrĭfĭdus.
27 2499 1951 2571 a fowl, i. e. a bird. Ăvis, vŏlūcris, āles ĭtis, masc.—A cock, gallu—
92 2572 417 2633 Hen, gallina.
27 2633 1216 2700 of fowls, of poultry. Gallĭnacsus, gallinārius.
26 2699 842 2761 a fowler. Auceps -cŭpis, masc.
25 2756 1949 2827 to be a fowler, to go fowling. Aucŭpor, 1; sometimes c. acc. of the
23 2887 572 2953 fowling. Aucŭpium.
24 2952 788 3015 a fox. Vulpes, fem. vulpēcŭls.
23 3014 1033 3080 of a fox, like a fox. Vulpīnus. Plin.
24 3081 484 3131 a fraction. Pars.
23 3144 801 3204 fractious. Diffĭcĭlis, mōrōsus.
24 3209 1021 3272 to fracture. Frango, 3.—See to break.
22 3274 767 3324 a fracture. Fractura. Plin.
21 3335 1726 3400 fragile, frail. Frăgĭlis; i. e. perishable, fluxus, cădūcus, ēvanĭdus.
21 3399 582 3463 fragility. Frăgĭlĭtas.
21 3461 899 3527 in a fragile manner. Frăgĭlĭter.
21 3524 1525 3596 a fragment. Fragmentum, 'fragmen -ĭnis, neut.—See part.
17 3581 497 3650 fragrance. Oder.
17 3643 1943 3722 fragrant. Ŏdōrus, 'frāgrans, *suaveŏlens, ŏdōrĭfer era erum.—See sweet.
19 3709 1942 3791 to be fragrant. Oleo, 2; rĕdŏleo, fagro, 1; except in part. only found in
