1980 3873
18 18 1027 85 frenzied. Dēmens, insānus.—See mad.
17 84 733 148 frensy. Dēmentia, insānia.
17 146 1956 212 frequency. Assĭduĭtas, frĕquentia.—He was annoyed at the frequency of
83 210 1601 277 my addresses. Crebras compellationes mess non tulit. Cic.
17 275 1309 339 frequent. Assĭduus, crĕber -bra —brum, frĕquens.
20 340 1145 403 to be frequent. Crebresco, 3; increhresco.
19 402 1952 468 to frequent. Frĕquento, 1; cĕlĕbro, 1; ventito, c. acc. of a place, c. ad and
80 466 1953 533 acc. of a person whose company one frequents.—To frequent the company
83 531 1952 596 of, versor, 1, c. cum and abl., or c. apud and acc.; ūtor, 3, c. abl.— Nor
85 593 1950 661 can I frequent their company without discredit. Nec versari inter eos sine
85 660 636 724 dedecore potero. Cic.
20 722 1216 787 frequently. Sæpe, crēbro, assĭdue. frĕquenter.
20 787 1949 852 fresh, i. e. new. Nŏvus, rĕcens; i. e. vigorous, not tired, vĕgĕtus, intĕg
82 850 1948 918 gra -grum; i. e. cool, frĭgĭdus; of water, dulcis.— Fresh-coloured, rŏseus
84 914 1950 987 —resh air, apertum cœlum, or cœlum by itself.— It was necessary fo
86 977 1949 1046 him to live out of doors and in the fresh air. Necesse fuit foris et mb dio
87 1042 1949 1106 esse. Cic.—In the fresh air. Sub divo. Hor. (Fac. says divum
85 1105 1570 1171 the usual reading of the best MSS., in preference to dium.)
22 1170 1908 1233 to freshen. Rĕnŏvo, 1; as the wind does, increbresco, 3.—See to refreh.
21 1236 750 1300 freshly, i. e. lately. Nūper.
20 1297 1947 1362 freshness, i. e. novelty. Nŏvĭtas; i. e. coolness, frĭgus -ŏris, net.— Fre-
86 1364 780 1428 ness (of youth, &c.), gratia.
22 1424 1948 1490 to fret, i. e. to vex, q. v. Perturbo, 1; sollĭcĭto, 1; intrans., perturbor, &c
85 1488 1951 1554 —At first it fretted me so much that it deprived me of sleep. Primn
88 1553 1294 1617 ita me perfugit ut somnum mihi ademerit. Cic.
22 1616 779 1678 to be fretful. Stŏmăchor, 1.
23 1680 908 1745 fretting. Sollĭcĭtūdo, perturbātio.
23 1745 1589 1806 fretful. Pĕtŭlans, mōrōsus, inquiētus, diffĭcilis, stŏmăchōsus.
22 1810 1133 1870 fretfully. Mōrōse, pĕtŭlanter, stŏmăchōse.
21 1872 941 1936 fretfulness. Mōrōsĭtas, pĕtŭlantia.
21 1937 873 1999 friable. Pūtris, friabĭlis. Plin.
21 2001 893 2065 friction. Trĭtus, 4; conflictus, 4.
23 2064 960 2127 Friday. Dies Veneris. (No auth.)
21 2121 1949 2191 a friend. Ămīcus.—An intimate friend, fămĭliāris, nĕcessārius.—Friends
87 2191 1949 2257 united by close intimacy. Multâ consuetudine conjuncti. Cic.—So
88 2256 1949 2321 that you may be able honourably to make friends of whomsoever you
88 2319 1949 2384 choose. Ut possis honeste quoscunque velis adjungere ad amicitiam. Ci.
86 2381 1948 2449 —I do not doubt that the republic will unite us and make us friends.
87 2447 1948 2514 Non dubito quin respublica nos inter nos conciliatura conjuncturaque tt
87 2510 1829 2575 Cic.—All your friends here are well. Hic tui omnes valent. Cic.
21 2566 662 2639 friendless. Inops -ŏpis.
22 2640 753 2690 friendliness. Bĕnĕvolentis.
21 2694 1687 2769 friendly. Ămĭcus, ămans, usu. c. gen.. bĕnĕvolus.—See intimate.
22 2766 1090 2832 in a friendly manner. Ămĭce, ămanter.
21 2821 1947 2896 friendship. Ămĭcĭtia, i. e. goodwill, bĕnĕvŏlentia; i. e. intimacy, nĕre
84 2894 1949 2960 sĭtūdo, fămĭliārĭtas, consuetudo —ĭnis, fem., conjunctio -ōnis, fem—
87 2958 1948 3026 Relationship on both sides is a great bond of friendship. Magnam nece
84 3023 1408 3088 sitatem possidet poternus maternusque sanguis. Cic.
21 3086 1070 3149 a friese, in building. Zoŏphŏrus. Vitr.
20 3149 1427 3215 a frigate. Spĕcŭlatōrium navĭgium. Cæs.—See ship
21 3213 865 3279 fright. Tĭmor, terror.—See fear.
22 3273 1949 3344 to frighten. Terreo, 2; conterreo, perterreo, terrĭto, 1; consterno, 1; trĕmĕ-
84 3337 1949 3407 făcio, 3 (no pass.)—They were so frightened. Tantus teor invasit
86 3402 1949 3471 (urbem, sc.). Cæs.—The army was so frightened. Tantus teror in-
84 3467 1949 3536 cidit exercitui. Cæs.—They frightened the senators so much. Tan-
85 3528 1946 3596 tum terrorem incussere patribus. Liv.—To frighten the enemy be
85 3597 1947 3661 yond measure. Ut quam maximum hostibus terrorem inferant. Cic.—
87 3654 1949 3725 My thoughts too are often called home by my wife frightened to death;
86 3718 1950 3785 my daughter overwhelmed with terror. Neque meam mentem non spe
88 3783 1531 3848 domum revocant exanimata uxor abjecta metu filia. Cic.
