1955 3876
24 17 1932 89 fightful. Horrĭbĭlis, horrĭĭcus, horrendus, terrĭbĭlis, dīrus, tremendus,
72 85 350 136 fomĭdābĭlis.
20 145 589 210 frightfully. Horrĭfĭce.
19 209 711 276 frigid. Frīgĭdus.—See cold.
19 272 738 342 figidity. Frīgus -ŏris, neut.
20 336 462 404 tigidly. Frigĭde.
19 400 418 464 finge. Fimbris.
20 463 729 528 finged. Fimbriātus. Suet.
19 527 438 595 frippery. Nūgæ.
18 591 1086 663 to fisk. Ersulto, 1; gestio, 4; lascĭvio, 4.
18 652 826 723 fiskiness. Prŏtervĭtas, lascĭviia.
18 716 697 785 fisky. Prŏtervus, lascīvus.
19 782 427 837 a fith. Frĕtum.
18 846 1146 912 to fritter away. Absūmo, 3.—See to waste.
17 906 675 980 fivolity. Nūgæ, ĭneptiæ.
17 970 1416 1045 frivolous. Nūgatōrius, ĭnanis, ĭneptus, vānus, frīvŏlus.
18 1033 811 1109 fivolously. Nūgatorie, ĭnepte.
18 1100 919 1172 to be frivolous. Nūgor, 1; ĭneptio.
19 1162 772 1237 a frivolous person. Nūgātor.
19 1224 1317 1298 fro, to nd fro. Huc, illuc, huc et illuc, both in Cic.
21 1291 440 1350 a frock. Tŭnĭca.
21 1354 363 1420 a frog. Rana.
24 1418 839 1491 a frolic. Jŏcus, pl. joci and joca.
23 1478 765 1551 folicsome. Jŏcōsus, lascīvus.
25 1546 799 1615 to frolic. Lūdo, 3; lascīvio, 4.
27 1605 1926 1683 fom. A, ab, de; i. e. out of, e, er (used also with nouns of time more fre-
71 1681 1928 1748 quently than a). After verbs of taking, &c., it is often a sign of the
73 1742 1929 1812 dalie; as, It has taken sleep from me. Somnum mihi ademit. Cic.—
77 1805 1928 1876 After verbs of dissuading, deterring, &c., it is sometimes rendered by ne,
76 1871 1928 1942 quin, or quominus.—Men who come forward to dissuade you from accept-
75 1934 1929 2006 ngthis law. Qui prodeunt dissuasuri ne hanc legem accipiatis. Gracc.—
76 1997 1927 2068 Nor do I wish to deter you from discussing it. Neque te deterreo quomi-
75 2064 1927 2132 nus id disputes. Cic.—He deters the man from putting it up to sale.
75 2122 1929 2195 Hominem deterret ne auctionetur. Cic.—By their means he saved
74 2185 1928 2259 himself from having to plead his cause. Per eos ne causam diceret se
77 2255 1929 2323 ripuit. Cæs.—I could scarcely refrain from crying out. Vix me con-
74 2317 866 2381 tinui quin.... clamarem. Ov.
25 2373 594 2449 fnt. Frons -tis, fem.
25 2438 803 2515 in front. Ante, contra, 'poero.
25 2498 1193 2577 in front, adj. Oppŏsĭtus, adversus, contrārius.
24 2569 1930 2642 to front, to be in front. Oppōnor, 3; obsisto, 3; esp. so as to oppose, to
70 2636 597 2706 place in front, oppono.
24 2696 1315 2768 a frontier. Fīnis, usu. in pl. conf īnium, usu. in pl.
24 2764 1931 2834 on the frontier. Conf īnis.—On the frontiers of Cappadocia. In ex-
74 2832 673 2897 tremâ Cappadociâ. Cic.
22 2885 553 2949 a frontlet. Frontale.
22 2945 1010 3025 frost. Gĕlu, indecl.; hoar-frost, pruina.
21 3008 649 3075 frostbitten. Pĕrustus.
20 3074 430 3140 foty. Gĕlĭdus.
20 3136 383 3213 oth. Spūma.
21 3203 860 3281 to froth. Spūmesco, 3; spūmo, 1.
21 3262 767 3345 froward. Pĕtŭlans, pervĭcax.
21 3329 610 3401 owardly. Pĕtŭlanter.
22 3392 953 3472 owardness. Pĕtŭlantia, pervĭcācis.
23 3460 1934 3535 a frown.—He deceived the Roman people, not by his wisdom and
76 3525 1933 3599 cloquence, but by his frowns and haughtiness. Populum Romanum non
77 3595 1647 3663 consilio neque eloquentia, sed rugis supercilioque decepit. Cic.
26 3648 1319 3713 to frown.—He frowns. Contrahit frontem. Cic.
26 3709 1936 3790 osen—Concrētus.—A land frozen with rigid frost. Astricto terra
80 3791 518 3852 perusta gelu. Ov.
