1987 3863
19 19 1189 84 general, subst. Dux, dŭcis, masc., impĕrator.
19 84 1952 147 general, adj., i. e. not special. Gĕnĕrlis; i. e. common, used by all, co
79 146 1952 212 mūnis, vulgāris, ūsĭtatus, pervulgatus.—A general kindness to all
86 210 1951 275 Vulgaris liberalitas. Cic.—The general opinion. Hominum opinio.
18 337 1952 403 the generality of the human race. Universitas generis humani. Cic—
85 400 1951 467 Many think that philosophy does no good; the generality even fancy it does
84 465 1951 529 harm. Multi nihil prodesse philosophiam, plerique etiam obesse arbitrantur.
83 529 1542 594 Cic.—The generality of men. Maxima pars hominum.
19 593 1949 657 generally, i e. as a general principle. Universe, generatim; i. e. usually,
84 657 1952 723 plerumque, fere; i. e. by most people, vulgo.—To speak generally, or
83 720 1951 786 a general rule, a brave and magnanimous spirit is chiefly sen in two
84 784 1948 850 things. Omnino fortis et magnus animus duabus rebus maxime cemitu.
84 853 177 900 Cic.
18 911 1940 978 generalship, i. e. the fact of being a general. Ductus, 4; impĕrium—
83 974 1950 1041 Those generals were chosen who were considered to have most generalship.
86 1038 1952 1105 Ii duces deliguntur qui summam scientiam rei militaris habere existis-
83 1109 436 1157 bantur. Cæs.
18 1167 1953 1234 to generate. Gigno, 3; progigno, gĕnĕro, 1; prōgenero, metaph.; i. e. to cuse,
82 1233 556 1299 părio, 3; effĭcio, 3.
18 1292 1228 1362 a generation. Ætas, sæcŭlum, contr. sæclm.
17 1359 1024 1427 generosity. Mūnĭfĭcentia, lībĕralĭtas.
17 1419 1953 1491 generous. Munĭfĭcus, lībĕralis (these only of persons), largus, effūss (the
82 1489 713 1550 two last of gift or giver).
18 1549 1092 1618 generously. Mūnĭfĭce, large, lībĕralĭter.
19 1615 804 1713 s sĭ
19 1678 597 1744 genially. Gĕniālĭter.
19 1712 802 1808 genitive. Gĕnĭtīvus. Gram.
20 1800 1955 1871 genius, i. e. disposition. Ingĕnium, indōles; i. e. abilities, ingenium (usecd
85 1870 1806 1935 by itself in this sense, but more usu. with some panegyrical epithet).
19 1933 1033 2000 a genius, i. . guardian angel. Gĕnius.
20 1998 1755 2063 genteel, i. e. well born. Gĕnĕrōsus, ingĕnuus; well-bred, urbānus.
20 2060 1462 2127 gentility, of birth. Ingĕnuĭtas; of manners, urbanĭtas.
20 2126 1183 2191 gentle. Mitis, blandus, lēnis, comis, făcĭlis.
20 2189 1687 2257 gentlemanlike. Ingēnuus, lĭber ĕra erum, lĭbĕralis, hūmānus.
21 2253 1329 2318 in a gentlemanlike manner. Libĕre, hūmanĭter.
21 2317 1255 2383 gentleness. Lēnĭtas, cōmĭtas, făcĭlĭtas, lēnĭtas.
23 2384 680 2448 gently. Lēnĭter, blande.
21 2441 1961 2514 genuine. Vērus, sincerus.—The speeches of P. Scipio and Ti. rachus,
87 2509 1963 2572 if indeed those which we have are genuine, are inconsistent with one ano-
88 2568 1958 2640 ther. Orationes, si modo ipsorum sunt quæ feruntur, P. Scipionis et Ti.
87 2637 946 2700 Gracchi, abhorrent inter se. Liv.
22 2700 633 2765 genuineness. Vērĭtas.
20 2764 704 2829 genus. Genus ĕris, nent.
23 2827 807 2892 geographical. Geōgrăphĭcus.
24 2892 689 2956 geography. Geōgrăphia.
23 2954 1084 3021 a geometrician. Geōmĕtres -tris. Juv.
23 3020 632 3085 geometry. Geōmĕtria.
24 3084 574 3148 Georgics. Georgĭca.
25 3149 732 3213 germ. Germen —ĭnis, neut.
26 3213 911 3273 German. Germănus, Germanĭcus.
26 3273 1393 3339 germane, i. e. akin (to a matter). Affĭnis, cognătus.
26 3338 1037 3403 to germinate. Germĭno, 1; pullūlo, 1.
26 3403 641 3465 a gerund. Gĕrundium.
26 3465 939 3528 to gesticulate. Gestĭcŭlor. Suet.
26 3528 968 3592 gesticulation. Gestĭcŭlatio. Suet.
26 3593 559 3655 gesture. Gestus, 4.
26 3646 1956 3721 to get. i. e. acquire, acquiro, 3; obtĭneo, pŏtior, 4 (in some parts poet. 3);
90 3716 1954 3782 consĕquor, 3; assequor, 3; i. e. to take, căpio, 3; i. e. to receive, accipie,
91 3779 791 3839 i. e. to beget, q. v, gigno, 3.
