2012 3879
23 18 771 84 to glean. Lĕgo, 3; sublego.
20 82 1885 149 glsbe. Terra.—A glebe, i. e. small portion of land, or farm, q. v., fundus.
19 147 1845 212 glee, i. e. joy. Hĭlărĭtas, lætĭtia, gaudium; i e. a song, q. v., cantus. 4.
18 212 710 275 glessome. Hĭlăris, lætus.
19 276 687 340 a glen. Vallis, convallis.
19 338 1331 404 glib, i. e. fluent, q. v. Facile currens (of a speech).
20 402 433 464 glibly. Facile.
21 466 1983 532 to glide. Lābor, 3; to glide on or into, illabor; to glide out or forth,
84 531 1034 591 elabor; as a river, fluo.—See to flow.
20 594 1986 660 to glimmer.—As one walks in the woods under the glimmering light of
80 659 1985 726 the changing moon. Quale per incertam lanam sub luco maliguâ est iter in
86 723 439 785 sylis. Virg.
21 784 1984 851 a glimpse. Aspectus, 4; sse sight.—Oh foolish vnd wretched man,
82 850 1985 916 who never has seen even a glimpse of real excellence. O hominem
81 914 1981 1009 amentem et miserum qui ne umbram quidem unquam ro ao viderit!
24 1009 441 1105 glitter. Nĭor.
25 1107 1836 1170 to glitter. Mĭco, 1; nĭteo, 2; cŏrusco, 1; splendeo, 2.—See to shine.
24 1170 1335 1234 glittering. Nĭtĭdus, cŏruscus, rutĭlus, splendĭdus.
26 1235 653 1299 a globe. Orbis, glŏbus.
27 1299 837 1361 globular. Glŏbōsus, rŏtundus.
25 1361 1019 1428 a globular form. Rŏtundĭtas. Plin.
27 1426 781 1489 a globule. Glŏbŭlus. Plin.
27 1490 1986 1556 gloom. Calĭgo ĭnis, fem.; tĕnĕbræ; i. e. sadness, q. v., ægrĭmōnia,
86 1555 317 1618 ægritudo.
28 1616 1986 1682 gloomy, i. e. dark. Cālĭgĭnōsus, tĕnĕbrōsus, obscūrus, lūrĭdus; i. e. me-
86 1682 1988 1748 lancholy, dismal (of things, or persons, or feelings), tristis; of places, hor-
83 1747 481 1796 rĭdus.—See sad.
29 1808 1432 1877 gloriication, i. e. praise, q. v. Laus -dis, f.; laudatio.
30 1874 991 1939 to glorify. Laudo, 1.—See to praise.
30 1937 1986 2004 glorious. Glōriosus (of persons only in Suet.), clarus, præclarus, illustris,
87 2002 1987 2070 ēgrĕgius, dĕcōrus (only of actions).—Glorious exploits in war. Res
87 2067 679 2131 bello bene gestæ. Liv.
29 2130 1214 2194 gloriously. Glōriōse, clāre, præclare, hŏneste.
28 2196 892 2259 glory. Glōria, famma.—See praise.
28 2258 1224 2323 to glory. Exsulto, 1; glōrior, 1; triumpho, 1.
29 2323 638 2387 gloss. Nĭtor, splendor.
30 2387 989 2449 to gloss over. Extĕnuo, 1; ēlĕvo, 1.
29 2448 778 2515 glossy. Nĭtĭdus, splendĭdus.
29 2512 1464 2578 gloves. Dĭgĭtalia —um, pl. neut. (Varr.); mănĭcæ, Plin.
29 2577 1177 2640 to glow. Ardeo, 2; ferveo, 2.—See to burn.
29 2640 1335 2705 glow. Ardor, fervor; i. e. impetuosity, impĕtus, 4.
30 2703 1703 2770 glowing, lit. and metaph. Ardens, fervidus; i. e. eager, vĭvĭdus.
31 2762 970 2831 to glose. Ădulor, 1.—See to flatter.
33 2831 1110 2900 glue. Glūten -ĭnis, neut.; glūtĭnum, Plin.
33 2897 568 2959 to glue. Glūtĭno, 1.
36 2960 728 3023 gluey. Glūtĭnōsus. Plin.
35 2998 1984 3088 to glut. Sătio, 1; sătŭro, 1; exsaturo.—We leam to dilike them by
89 3089 1652 3156 being glutted with them. Ab iis satietate abalienamur. Cic.
36 3153 913 3216 a glut. Abundantia, rĕdundantia.
35 3215 584 3276 glutinous. Viscōsus.
34 3281 857 3343 a glutton. Helluo -onis, masc.
37 3342 946 3410 gluttonous. Vŏrax, ĕdax, gŭlōsus.
36 3406 678 3471 gluttoncusly. Ăvĭde.
38 3470 1021 3535 gluttony. Ēdācĭtas, vŏracĭts. Plin.
39 3537 545 3594 gnarled. Nodōsus.
41 3600 910 3661 to gnash. Frondeo. 2; infrendeo.
43 3665 742 3726 a gnat. Cŭlex ĭcis, masc.
44 3725 968 3789 to gnaw. Rōdo, 3; arrodo, corrodo.
47 3787 1184 3855 gnawing. Roōsio (Plin., of a gnawing pain).
