2101 3873
158 4 1481 89 to beso good as to do so and so. Dignor, 1, c. infin.
154 84 822 149 to hold good. Obtĭneo, 2.
145 150 2077 219 to make good, i. e. repair. Rĕpăro, 1; rĕfĭcio, 3.—For whatever fault
195 214 2076 283 there was in the farm, if the seller knew it, they laid it down must
196 279 2075 345 be made good, unless it were expressly mentioned. Quicquid enim esset
191 342 2070 404 m prædio vitii, id statuerunt si venditor sciret, nisi nominatim dictum esset,
189 409 772 471 præstare oportere. Cie.
138 470 2073 537 good, subst. Bŏnum; i. e. advantage. commŏdum.—This is very much for
189 534 1815 597 the good of the republic. Hoc maxime reipublicæ interest. Cic.
132 597 1967 663 to do good to. Bĕnĕfăcio, 3; bene mereor, c. de and abl.—See to serve.
130 662 1632 728 goodly, i. e. beautiful, q. v. Pulcher, formōsus, spectabĭlis.
129 725 2067 791 goodness. Bŏnĭtas; i. e virtne, q. v., virtus —utis, fem.; i. e. kindness, bene-
182 790 975 855 volentia, hūmānĭtas, bĕnignĭtas.
126 853 1368 919 goods, i. e. property, q. v. Bona orum, pl. aett.
126 916 1460 980 good temper. Æquus animus, făcĭlĭtas, hūmānĭtas.
126 982 997 1043 goodwill. Bĕnĕvŏlentia, vŏluntas.
124 1043 1002 1108 with goodwill. Bĕnĕvŏle, ămĭce.
124 1106 1601 1173 full of goodwill, Bĕnĕvŏlus, comp. entior, &c.; ămĭcus.
124 1176 842 1235 a goose. Anser -ĕris, masc.
125 1240 846 1299 gore. Cruor, tābum, sănies.
124 1301 1998 1367 gorge, i. e. the throat. Guttur —ŭris, eat.; i. e. a narrow pass, angustiæ.
30 1366 2062 1432 to gorge.—The next day they gorge themselves again. Postridie se
36 1431 786 1493 ruuu ingurgitant. Cic.
64 1490 835 1591 nsyd ssur -ŭŭn-ŭrn.
235 1557 1026 1622 ous. Magnĭfĭcus, splendĭdus.
119 1590 1030 1686 eously. Magĭfĭce, splendĭde.
123 1686 1145 1750 ggeouness. Magnĭfĭcentia, splendor
18 1744 814 1878 s
121 1878 837 1943 a goip. Garrŭlus, lŏquax.
121 1941 711 2006 goiping. Garrŭlĭtas.
120 2004 1904 2070 to govern. Rĕgo, 3; gŭberno, 1; mŏdĕror; i. e. regulate, tempĕro, 1.
119 2065 2057 2135 government, i. e. power of governing. Pŏtestas, impĕrium, dĭtio, dŏmĭnatio;
171 2136 2056 2199 i. e. district governed, if by a deputy, prōvincia; if by a sovereign, regnum,
171 2199 405 2262 impĕrium.
117 2261 2053 2328 a governor. Rector, gŭbernator, mŏdĕrator, dŏminator. — A governor as
168 2326 1203 2390 deputy for another, præfectus. See king.
117 2392 652 2451 a gourd. Cŭcurbĭta.
114 2453 1490 2518 gout, in the hands. Chĕrăgra.—In the feet, pŏdăgra.
114 2514 1633 2585 gouty. Pŏdāăgrōsus (Plaut.), pŏdăgrĭcus (Vel.), arthrĭtĭcus.
113 2583 890 2645 a gown. Tŏga, tŭnĭca, vestis.
110 2645 1103 2712 earing a gown. Tŏgatus, tŭnĭcātus.
111 2710 920 2773 grace. Gratia, dĕcor, ēlĕgantia.
111 2769 1738 2836 the Graces. Gratiæ, sometimes in sing.; chărĭtes, usu. pl., fem.
111 2839 1043 2899 to grace. Orno, 1; exorno, dĕcŏro.
110 2902 1027 2965 graceful. Dĕcōrus, dĕcens, ēlĕgans.
110 2965 1159 3027 gracefully. Dĕcore, dĕcenter, ēlĕganter.
108 3026 1212 3090 gracious. Făcĭlis, cōmis, suāvis, hūmanus.
108 3092 911 3156 graciously. Comĭter, suaviter.
104 3155 1278 3221 graciousness. Cōmĭtas, făcĭlĭtas, hūmānĭtas.
107 3219 966 3284 gradation. Grădus, 4; grădatio.
106 3282 899 3348 gradually. Sensim, grădātim.
107 3347 636 3408 to graft. Insĕro, 3.
108 3411 593 3470 a graft. Surcŭlus.
107 3473 832 3537 grafting. Insĭtio, immissio.
108 3537 2041 3606 a grain. Granum, mĭca (not applied to corn, &c.); grain, i. e. com, fru-
106 3658 973 3727 full of grains. Granōsus. Plin.
106 3726 1450 3799 carrying grains (as ants do). Granĭfer era -erum.
109 3797 741 3849 grammar. Grammătica.
