2001 3860
21 16 829 83 a grammarian. Grammaticus.
20 82 915 148 a granary. Horreum, grānārium.
17 141 1974 210 grand. Grandis, magnus; i. e. splendid, magnĭf ĭcus, splendīdus.—Ses
82 221 222 275 great.
18 269 1708 339 grandeur. Magnĭf ĭcentia, splendor; of language, &c, grandĭtas.
17 338 695 402 granddaughter. Neptis.
19 392 1330 466 grandfather. Ăvus—Great-grandfather, proăvus.
18 456 639 529 a grandmother. Ăvia.
19 528 876 593 a grandson. Nĕpos -ōtis, masc.
19 592 1476 658 grandees. Prŏcĕrea, pl. optĭmātes, pl—See rank.
21 656 843 721 grandiloquent. Grandĭlŏquns.
18 720 577 785 graadly. Splendĭde.
21 783 1974 849 to grant. Cēdo, 3; concedo, trĭbuo, 3; do, 1; leave, opportunity, &c.,
85 847 1977 912 făcio, 3; i. e. to permit, permitto; i. e. to consent, assentio, 4; annuo, 3.—
84 908 1977 977 A right of carrying what property tbey could with them was graned to the
85 974 1973 1042 owners. Rerum suarum, quas possent, ferendarum secum dominis jus
85 1038 1972 1104 fiebat. Liv.—Grant, as those men insist, that the soul does not survive
86 1099 1973 1166 after death. Fac, quod isti volunt, animos non remanere post mortem. Ci.
86 1172 435 1234 —See to give.
21 1232 559 1296 a grant. Concessio.
21 1291 1196 1360 a grape. Ūva.—A bunch of grapes, ăcēmus.
21 1350 671 1424 a grapestone. Ăcĭnum.
22 1423 527 1487 graphic. Vīvĭdus.
21 1491 540 1552 a grapnel. Uncus.
23 1545 1967 1619 to grapple, i. e aeize, hold fast. Stringo, 3; constringo, tĕneo, 2.—To
84 1611 1967 1678 grapple with, contendo, 3; conflĭgo, 3; certo, 1; dēcerto.—And if st
85 1675 1966 1744 any time our men, having got an opportunity, grappled a ship with iron
85 1737 1965 1807 grapnels. Et si quando nostri facultatem nacti, ferreis injectis manibus
85 1805 760 1869 navem religaverant. Cæs.
25 1870 646 1933 a gasshopper. Cĭcada.
21 1932 1963 2000 to grasp. Prehendo, 3, sync. prendo; apprehendo, comprehende, arripio
88 1999 387 2061 3; corripio.
21 2060 1960 2127 a grasp, or the act of grasping. Comprehensio; i. e. great power, extent
84 2124 1957 2192 &c. (as we say a grasp of intellect), vis, amplitudo.—To hold a box in
86 2190 1234 2255 one's grasp. Pyxidem in manu tenere. Cic.
22 2244 907 2319 grasping, i. e. covetous. Ăvārus.
22 2316 1735 2383 grass. Gramen -ĭnis, neut.; herba, cespes -ĭtis, masc. (esp. turf).
20 2381 1106 2445 grassy. Gramineus, herbōsus, *herbĭdus.
24 2450 462 2510 a grate. Fŏcus.
22 2509 1958 2576 to grate. Tĕro, 3; contero, attero, rādo, 3.—To grate upon. (ones ean
85 2574 967 2637 feelings, &c.), offendo, 3; lædo, 3.
21 2634 1959 2701 grateful (in every sense). Gratus; i. e. pleasing, q. v., dulcis, jūcundus.
90 2704 982 2765 amœnus, acceptus.—See next word.
21 2763 1958 2828 gratefully. Grate.—I praise you when you gratefully honour the name
86 2828 1958 2893 of that most illustrious youth. Laudo vos, cum gratissimis animis pro
87 2889 1958 2954 sequimini nomen clarissimi adolescentis. Cic.—To honour their virue
83 2951 1956 3020 with a grateful recollection. Gratâ eorum virtutem memoriâ prosequi. Ci
21 3019 522 3083 a grater. Radŭla.
21 3083 1276 3147 gratiflcation, the feeling. Dĕlectatio, oblectatio.
20 3142 1956 3211 a gratiflcation, i. e. that which causes gratification. Oblectāmentum, de-
83 3209 1382 3274 lectamentum, gratĭfĭcatio; in both senses, vŏluptas.
22 3271 1957 3339 to gratify, be gratifying to. Delecto, 1; oblecto, plăceo, gratĭfĭcor, ep
85 3332 1955 3405 by giving.—That vow was gratifying to the gods. Id votum Dis cordi
91 3401 359 3455 fuit. Liv.
25 3458 1956 3533 gratifying. grātus, acceptus, jūcundus (jūcundus is a stronger word than
85 3531 1952 3602 gratus, v. Cic. Ep. Fam. ō. 1ō), dulcis. — Very gratifying, pergratus, pe
88 3594 323 3649 jucundus.
25 3649 1954 3721 in a gratifying manner. Jūcunde; in a very gratifying manner, peju
27 3771 746 3837 grating. Mŏlestus, grăvis.
