1999 3874
43 17 1967 88 greatness, in every sense. Magnĭtūdo; in size, amplĭtudo; in quntity,
105 81 1970 150 cōpia, ăbundantia; in power, q. v., pŏtentia.—Greatness of mind, magnănĭ
106 146 1971 214 mĭtas, animi magnitudo, altitudo, excelsitas, amplitudo. All in Cic. o
42 280 517 343 greaves. Ocreæ.
41 342 844 407 wearing greaves. Ocreatus.
42 403 1974 469 Grecian, Greek. Græcus, Graius (of persons), and in poet., Argŏlĭcus. Ar-
103 460 1975 535 givus, Ăchaĭcus, Dănaus, Pĕlasgus, Dōricus, and fem. (of ciiee o
107 533 1249 599 women), Argŏlis —ĭdos, &c —Ses the Gradus.
40 598 515 662 greedily. Ăvĭde.
40 661 611 726 greedinss. Avĭdĭtas.
40 724 1242 788 greedy. Ăvĭdus, căpax; of food, vŏrax, ĕdax.
40 786 1972 857 green. Vĭrĭdis, *vĭrĭdans, *vĭrens.—Sea-green, glaucus; i. e. unipe, crūdu,
39 915 974 981 to be green. Vĭreo, 2; Vĭresco, 3.
38 979 629 1044 greenness. Vĭrĭdĭts.
41 1045 1974 1110 to greet. Sălūto, 1.—Greet Dionysius for me. Dionysium velim salvee
98 1112 431 1175 jubeas. Cic.
40 1172 1973 1242 greeting. Sălŭtātio.—Mutual greetings having pased. Salute datâ i-
104 1239 714 1302 vicem redditâque. Liv.
38 1301 809 1367 gregarious. Grĕglis. Plin.
38 1368 716 1431 gregariously. Grĕgstim.
38 1430 908 1495 a greyhound. Vertăgus. Mart.
37 1493 896 1559 a gridiron. Cratĭcŭla. Mart.
37 1548 1971 1623 grief, i. e. sorrow. Dŏlor, tristĭtia, luctus, 4; mæror, ægrĭmōnia, ægrĭtūdo
100 1623 972 1684 —A grief, an annoyance, mŏlestis.
37 1683 1972 1749 to grieve, trans. Ango, 3; vexo, 1; turbo, 1; conturbo, sollĭcĭto, 1, itras.;
100 1747 1975 1814 dŏleo, 2; indŏleo, condŏleo.—To grieve for, i. e. lament, q. v., lūgeo, 2;
99 1812 569 1873 plōro, 1; lamentor.
35 1873 1014 1939 grieving. Tristis, mæstus.—See sad.
34 1938 1970 2006 grievous. Tristis, ăcerbus, lūgŭbris, lăcrĭmabĭlis; i. e. atrocious, ător,
96 2003 924 2066 nĕfrius in either sense, grăvis.
33 2067 1424 2132 grievously, i. e. excessively, q. v. Valde, vehĕmenter.
32 2131 1973 2221 grievousness (of a calamity, danger, &c.). Magnĭtūdo, grăvĭtas; of a crie,
97 2195 620 2257 ătrōcĭtas, immānĭtas.
31 2258 874 2325 a griffin. Gryps, gryphis, masc.
29 2324 419 2388 grim. Torvus.
28 2387 478 2452 grimly. *Torve.
28 2451 1972 2520 grimace.—In which when you have taken care that there shall be nothing
90 2516 1972 2580 like grimace. In quo cum effeceris ne quid vultuosum sit. Cic.—Ou
93 2579 1972 2645 which account a delivery accompanied with grimace and gesticulation is
91 2641 1971 2709 naturally blamed. Quare non immerito reprehenditur pronuntiatio vul-
92 2707 1974 2768 tuosa et gesticulationibus molesta. Quint.—On this he knits his brows;
90 2769 1974 2834 recollect, I pray you, hie countenance and grimaces. Hic ille... contahit
88 2833 1969 2898 frontem; recordamini faciem atque illos ejus fictos simulatosque vultus
26 2959 1250 3026 to grimace. Vultum fingo, simulo.—See above.
24 3024 1037 3089 to grin, esp. with vexation. Ringor, 3.
22 3089 511 3154 a grin. Rictus, 4.
25 3151 1971 3220 to grind. Tĕro, 3; contero, attero.—Com or any thing in a mill. mŏlo, 3
89 3217 1970 3282 (Plin.); i. e. to sharp, ăcuo, 3; exăcuo.—Grinding his teeth, dentibus in
86 3281 695 3344 frendens.—See to gnash.
21 3344 540 3410 grinding. Trītūrs.
21 3408 827 3473 a grindstone. Cos, cōtis, fem.
22 3471 888 3536 a grip, or gripe. Comprehensio.
20 3536 1967 3604 to gripe, i. e. grasp. Prehendo, 3; comprehendo; i. e. to pain, to vex, ange,
87 3601 398 3657 3; crŭcio, 1.
19 3656 976 3728 griping, i. e. covetous, q. v. Ăvārus.
18 3724 694 3787 grisly. Torvus, horrĭdus.
17 3785 527 3849 grist. Frūmentum.
