1981 3887
18 18 1195 86 to let grow (one's beard, &c.). Submitto, 3.
18 74 1924 151 grown, fullgrown (of persons). Ădultus.—Of anything, perfectu, bŏ
82 153 224 201 lūtus.
18 212 903 279 a grower, i. e. cultivator. Cultor.
20 277 936 343 to growl. Frĕmo, 3; murmŭro, 1.
20 338 1158 408 a growl. Frĕmĭtus, 4; murmur —ŭris, neut.
20 407 650 471 growth. Incrēmentum.
22 471 660 536 to grub up. Effŏdio, 3.
22 531 1933 600 to grudge. Invĭdeo, 2.—You are become very delicate by this time. t
85 597 1933 664 grudge me a letter. Valde jam lautus es qui gravere literas ad me dar. Cic
21 658 1931 728 a grudge. Invĭdia, ŏdium.—If I had not a grudge against her huband.
89 722 1934 777 Nisi intercederent mihi inimicitiæ cum istius mulieris viro. Cic.—He
86 787 1933 855 laid aside the grudge which he had against me. Simultates quas men
86 853 677 916 habebat deposuit. Cic.
24 916 836 984 grudgingly. Invĭde, măligne.
23 979 1300 1050 a grudging spirit. Mălignĭtas.—See niggardly.
23 1048 495 1112 gruel. Pŏlenta.
24 1109 1007 1177 gruff. Mōrōsus.—Of a voice, raucus.
24 1173 627 1241 gruffness. Mōrōsĭtas.
25 1242 494 1306 grufly. Morōse.
24 1303 732 1370 to grumble. Murmŭro, 1.
25 1365 1246 1435 grumbling. Murmur —ŭris, net.; convĭcium.
26 1433 626 1498 to grunt. Grunnio, 4.
25 1496 694 1562 grunting. Grunnītus, 4.
25 1559 1939 1629 a guarantee, i. e. person. Præs —dis, masc., sponsor; i. e. an engageæt
89 1625 455 1689 given, sponsio.
26 1686 747 1752 to guarantee. Spondeo, 2.
27 1749 1941 1815 to guard. Defendo, 3; tūtor, 2; tueor, 2; servo, 1; conservo, custōdio—
91 1815 1937 1880 To guard against, căveo, 2; c. ne and subj., or c. ab and abl.—Becau
98 1874 1941 1943 he was not on his guard against a profligate and wicked man. Qud
90 1941 1940 2006 ab homine impuro et nefario non caverit. Cic. — We must also
92 2008 1942 2080 guard against a covetousness of glory. Cavenda est etiam gloriæ cupidit.
95 2080 187 2126 Cic.
29 2136 1945 2203 a guard, protector, &c. Custos -ōdis, masc.; defensor, i. e. garrison to p
93 2200 1944 2267 tect, præsĭdium.—A sentinel, vĭgil -ĭlis, masc., excŭbĭtor.—A guard, i. e.
91 2260 1947 2332 a body of sentinels, excŭbiæ, vĭgĭliæ, custōdia, stătio.—A body-gurd
94 2329 988 2395 (troop of soldiers), cohors - tis, fem.
28 2392 1055 2461 to be on guard. Excŭbo, 1; vĭgĭlo, 1.
29 2459 1004 2526 guarded, i. e. cautious, q. v. Cautus.
29 2525 543 2589 guardedly. Caute.
27 2582 1948 2656 a guardhouse, or station where guards are posted. Præsĭdium, stătio, ce
93 2657 233 2703 tōdia.
28 2714 1711 2780 guardian, generally. Custos ōdis, masc.; tūtor (esp. of a ward).
29 2779 1005 2847 guardianship. Tūtēla, cūra, cūratio.
27 2845 784 2908 a gudgeon. Gōbius, gōbio.
28 2907 1301 2973 to guess, or guess at. Conjĭcio, 3; conjecto, 1.
29 2973 597 3038 a guess. Conjectūra.
27 3037 1319 3102 proceeding or founded on guess. Conjectūrālis.
29 3104 883 3166 one who guesses at. Conjector
30 3166 1958 3233 a guest. Hospes ĭtis, masc., fem.; fem. hospĭta.—A guest at a feast, c
93 3242 366 3291 vva, masc.
30 3296 1419 3360 guidance. Ductus, 4; i. e. command, q. v., impĕrium.
31 3361 758 3422 a guide. Dux, dŭcis, masc.
31 3423 974 3487 to guide. Dūco, 3; rĕgo, 3; dīrigo.
31 3486 571 3552 a guild. Collegium.
31 3548 1836 3614 guile. Fraus -dis, fem. (often fraus mala, Cic.); dŏlus.—Ses cunning
31 3611 1561 3683 guileful. Fraudŭlentus, dŏlōsus, subdŏlus.—See cunning.
31 3673 704 3736 guileless. Simplex —ĭcis.
32 3737 696 3800 guilelessly. Simplĭcĭter.
33 3800 753 3863 guilelessness. Simplĭcĭtas.
