2005 1394
28 17 548 87 habergeon. Lōrīcs.
27 84 1229 149 habiliments. Vestis, vestĭtus, 4.—See clothes.
26 147 1976 214 habit, i. e. condition. Hăbĭtus, 4; i. e. custom, mos, mōris, masc., consue-
77 215 1977 281 tūdo, assuetudo, ūsus, 4; i. e. a garment, q. v., vestis. — This has now
74 278 1976 344 got to be a habit with him. Hoc jam venit in consuetudinem. Cic.
74 344 1977 411 —The senate has now got into such a habit of clemency. Senatus in
77 408 1310 471 eam jam benignitatis consuetudinem venit. Cic.
22 464 653 523 habitable. Hăbĭtabĭlis.
22 532 1979 599 habitation. Dŏmus, 4; but some cases as if 2; sēdes, domicilium, hăbĭtatio.
81 602 325 653 See house.
21 658 776 728 habitual. Consuetus, sŏlĭtus.
21 726 1980 791 to habituate. Assuēfăcio, 3; consuefacio.—To be habituated to, assuesco,
78 790 1848 858 3; c. infin. or c. dat. ad and acc., consuesco, c. infin.—See accustomed.
18 848 1224 919 habituation. Usus, 4; assuetudo, consuetudo.
20 920 895 981 to hack. Concīdo, 3.—See to cut.
17 980 785 1049 hackneyed. Trĭtus, vulgāris.
18 1044 823 1110 a haft. Mănubrium.—See hilt.
18 1103 1342 1179 a hag, i. e. old woman. Ănus, 4; i. e. witch, măga.
18 1173 597 1240 haggard. Squalĭdus.
18 1238 975 1307 to be haggard. Squāleo, 2, no perf.
18 1301 710 1370 a haggard look. Squālor.
