2305 3846
345 19 691 71 haill Salvel
345 82 1861 147 to hail, i. e. greet. Sălūto, 1; i. e. to call to, q. v., vŏco, 1.
344 146 1070 210 it hails. Grandĭnat. Sen.
344 211 996 274 hail. Grando ĭnis, fem.
345 274 1094 327 of hail. Grandĭnōsus. Col.
344 337 2280 406 hair, of man. Căpillus, crīnis, masc., cŏma, cæsăries.—Hair beginning
409 403 2281 468 grow (as the beard in a youth, &c.), lānūgo.—Hair of an animal, vills,
411 468 2281 531 pĭlus (used also for the hair on the head, of man).—
415 530 2280 595 One must not depart a hair's breadth from a good conscience. A recti
414 597 1959 661 conscientiâ transversum unguem non oportet discedere. Cic.
348 661 1707 724 of hair, belonging to, attached to the hair. Crīnalis.
347 723 2275 788 hairy, having long hair. Căpillatus, crīnĭger -ĕra -erun
348 786 1154 852 a halberd. Hasta.—See spear.
347 851 1890 918 halcyon, adj.; i. e. calm. Alcyŏnēus, sĕrēnus, tranquillus
348 914 1665 980 a halcyon, i. e. kingfisher. Alcyŏn, alcēdo. Plin.
345 978 1002 1044 hale. Vĕgĕtus, rōbustus.
347 1043 1294 1108 to hale, or draw. Duco, 3, traho, 3.
345 1105 1556 1172 half, sbet. Dīmĭdium, sēmis (only Hor. Sat.).
345 1167 2268 1239 half, adj. Dīmĭdius.—One half greater, half as great again, sesqui mj.
411 1236 2269 1300 Cic. This word sesqui is hardly found except in one passage; but it
410 1296 2267 1364 occurs in some compounds, to which it gives a similar sense.—The thid
413 1361 2266 1429 which is half as large again as the second. Tertia quæ est secundæ sesq
409 1426 2266 1492 altera. Cic.—There was an hour and a half left. Supererat sesqu
409 1490 2266 1556 hora. Plin.—A foot and a half. Sesqui-pes edis. Mart.—Mny
411 1550 2264 1624 words beginning with half are rendered in Latin by words compounded
409 1620 669 1669 with semi.
345 1684 992 1734 half-armed. Semiermis.
346 1748 2058 1812 half-awake, or half-asleep. Sēmĭsomnus, semisomnis, sēmĭsōpĭtus.
344 1811 2012 1878 half-dead. Semiănĭmis, semianimus, semĭnex nĕcis, sēmĭvīvus.
342 1876 1086 1938 half-destroyed. Sēmĭrŭtus.
344 1942 1221 1993 half-free. Sēmĭliberera ĕrum.
345 2006 1016 2057 half-an-hour. Sēmihōra.
342 2070 1383 2135 half-open. Semiăpertus, semiădăpertus.
342 2135 913 2186 half-witted. Fătuus.
343 2199 1035 2258 a hall. Vestĭbŭlum, aula.
345 2262 1863 2327 to halloo. Clamo, 1; vōcĭfĕror, 1.—To halloo to, inclāmo.
346 2328 1160 2388 to hallow. Săcro, 1; consecro.
344 2392 875 2442 hallowed. Sanctus.
342 2455 936 2506 hallucination. Error.
345 2517 1987 2583 to be under a hallucination. Alucĭnor, 1 (not. poet.), ero, 1.
343 2584 782 2634 a halo. Cŏrōna.
344 2646 2249 2713 to halt, trans., i. e. to halt an army. Sisto, 3; only pres. in this trans. en,
406 2704 2248 2774 constĭtuo; intrans. subsisto, 3; consisto.—And he halted that night out
408 2774 1933 2838 side the city. Atque extra oppidum eâ nocte mansit. Cæs.
341 2836 1150 2899 a halting-place. Stătio.
341 2889 2248 2967 to halt, i. e. to be lame, q. v. Claudĭco, 1; i. e. hesitate, hæsito, l;
316 2968 635 3029 hæreo, 2.
339 3008 1048 3094 ait, . lame. Claudus.
340 3096 1514 3160 a halter. Lăqueus.—For a horse, căpistrum.
314 3161 1317 3222 to halter. Illăqueo, 1.—See to bind.
341 3223 1270 3286 to half. Dīvĭdo, 3; bipartio. Col.
340 3285 2040 3349 halved. Diīmĭdiatus, bĭpartītus. Col., but the adv. occus in Cic.
340 3347 1044 3413 in two halves. Bĭpartĭto.
340 3399 2235 3479 ham, i. e. the back of the leg. Pōples —ĭtis, masc.; i. e. the leg of apg
117 3531 1332 3601 Hamadryads. Hămădryădes, pl. fem.
174 3591 828 3654 , a hamlet. Pagus.
273 3648 904 3707 hammer. Malleus.
341 3709 2227 3793 to hammer. Tundo, 3; cūdo, 3 (Plin.).—To hammer out, into shape, ât
403 3771 587 3823 oudo.
