1997 3997
78 17 1950 85 effĕro, 1.—They were not yet so hardened to civil bloodshed. Nondum
77 83 1190 146 erant tam fortes ad sanguinem civilem. Liv.
20 145 1751 210 to become hardened (to sufferings, &c.). Percallesco, 3; occallesco.
19 213 662 276 hard, adv. Dūre, rĭgĭde.
19 274 1156 341 hard-heartedness. Crudēlĭtas.—See cruelty.
18 329 1780 403 hardily, i. e. boldly, q. v. Fortĭter, strenue, audācĭter, sync. audacter.
20 406 914 467 hardiness. Audācis.—See courage.
20 470 516 531 hardly. Vix, ægre.
20 529 1952 598 hardness. Durĭtia, dūrĭties, dūrĭtas (esp. of manner, or feeling).—Of for-
74 599 555 660 tune, &c., ĭnīquitas.
20 661 936 723 hardship. Lăbor, mălum, damnum.
20 723 1059 786 full of hardships. Lăbōriōsus, diffĭcĭlis.
17 788 1917 852 hardy, i. e. not tender. Dūrus, rōbustus, i. e. bold, audax, fortis, strenuus.
20 852 1158 918 a hare. Lepus ŏris, masc.; dim. lĕpuscŭlus.
20 918 583 980 of a hare. Lĕpŏrīnus.
18 978 1093 1042 harebrained. Præceps -ĭpĭtis.—See rash.
21 1046 791 1106 a harlot. Mĕrĕtrix -īcis, fem.
20 1106 1635 1171 harm. Damnum, mălum, injūria, dētrīmentum, permĭcies, noxa.
21 1172 1958 1234 to harm. Lædo, 3; noceo. 2.—The result was that no harm could be
74 1235 1958 1300 done the enemy except by laying waste their lands. Relinquebatur ut
75 1299 1371 1367 tantum in agris vastandis hostibus noceretur. Cæs.
22 1363 1067 1431 harmful. Noxius, permĭciosus, damnōsus.
21 1428 802 1486 harmless. Innoxius, innŏcens.
22 1490 1260 1568 hamlessly. Innoxie (Plin.), innŏcenter. Plin.
24 1556 721 1622 harmlesness. Innŏcenter.
23 1617 1960 1687 harmonious. Dulcis, argūtus, nŭmĕrosus, cănōrus;—i. e. in harmony, con-
27 1686 552 1747 sŏnus, concors -dis.
23 1748 875 1813 harmoniously. Dulce, mŏdŭlate.
24 1812 1006 1876 to harmonise. Concĭno, 3; consŏno, 1.
21 1873 1963 1944 harmony. Harmŏnia, concordia (not absolutely, but c. gen. of the sounds or
75 1945 395 2004 instruments).
21 2002 1964 2068 harness, of a horse. Phălĕræ, ĕphippia -ōrum, pl. neut., generally, ap-
78 2076 327 2133 păratus, 4.
21 2131 845 2185 with fine harness. Phălĕrstus.
23 2195 1770 2262 to harness. Instruo, 3; stermo, 3; to harness to a carriage, jungo, 3.
23 2258 1670 2325 a harp. Cĭthăra, lĭra, barbĭtos —i, acc. -ŏn, fem.; fĭdes, —is, 3.
24 2320 1961 2388 a harper. Cĭthărista, citharœdus, fem., cĭthăristria,
75 2390 614 2453 fĭdĭcĭna, both in Ter.
24 2452 856 2518 to play the harp. Cĭthărizo, 1.
25 2514 1104 2581 a harpoon. Trĭdens entis, masc. fuscĭna.
25 2584 522 2647 a harpy. Harpyia.
25 2644 865 2703 a harrow. Rastrum, occa. Col.
28 2706 1969 2773 to harrow. Occo, 1; to harrow up; i. e. frighten, agitate, terreo, 2; ăgĭto, 1.
26 2772 926 2838 one who harrows. Occator. Col.
26 2837 573 2904 harrowing. Occatio.
27 2897 1969 2968 harsh. Sĕvērus, rĭgĭdus, dūrus, asper ĕra erum, tētrĭcus, ăcerbus, austērus
81 2967 836 3028 (the two last often of a taste).
27 3027 868 3094 harshly. Sĕvēre, aspĕre, ăcerbe.
27 3089 1796 3156 harshness. Dūritas, sĕverĭtas, aspĕrĭtas, ăcerbĭtas, austērĭtas. Plin.
30 3156 673 3222 hart. Cervus.—See stag.
30 3223 568 3276 of a hart. Cervīnus.
29 3282 1361 3350 harvest. Messis.—Hay harvest, fœnĭsĕcium. Col.
31 3351 635 3415 to harvest. Colligo, 3.
31 3414 659 3479 a harvestman. Messor.
32 3478 675 3541 a hash. Mĭnūtal. Juv.
33 3542 455 3605 a hasp. Fĭbŭla.
32 3599 1973 3672 haste. Festīnātio, prŏpĕratio.—What is the object of all this haste and
90 3668 1862 3768 precipitation? Quid hæc festinatio, quid hæc immaturitas tnta
962 3803 1060 3852 4
