1980 3987
45 19 690 76 etiesnes. Crūdēlĭtas.
17 83 744 151 hartles. Immītis, crūdelis.
18 147 1938 217 harty, i e. sincere. Vērus, fĭdelis; i. e. active, strēnuus, impĭger -gra,
51 219 1862 281 -grum; i e. in health and vigour, intĕger -gra. -grum; vĕgĕtus, vălĭdus.
43 274 1939 345 hest, lit. Călor, æstus, 4; lit. and metaph. fervor; i. e. vehemence, ardor,
91 344 833 410 vis, vehĕmentia; i. e. anger, īra.
43 405 1935 474 to heat, lit. călĕfăcio, sync. poet. calfacio, 3; *călĕfacto, 1; metapb., i. e. to
90 473 1936 538 ecite, esp. to make angry, incendo, accendo, inflammo. To be heated
91 535 694 601 vith anger, &c., æstuo, 1.
40 593 1332 666 heath, the plant. Erica (Plin.).—A heath, campus.
39 658 889 729 hethenish. Barbărus, barbărĭcus.
41 725 1936 794 to heave, trans. Tollo, 3; attollo, ĕrĭgo, 3; intrans. (as the bosom, &c.)
39 791 1789 860 tŭmeo, 2; tumesco, 3; intŭmesco, 'mĭco, 1 (only poet. in this sense).
39 851 1530 927 hven. Cœlum, pŏlus (not used for the home of the gods).
36 913 527 982 heavenly. Cœlestis.
36 973 1842 1051 the inhabitants of heaven. Clĭcŏlæ, pl. masc.; cœlĭtes -um. pl. masc.
36 1041 492 1109 hvily. Grăvĭter.
36 1105 1942 1181 hæviness. Grăvĭtas, pondus ĕris, aet.; mōles; i. e. sorrow, q. v., tristĭtia,
85 1176 199 1228 dŏlor.
37 1232 1940 1311 heavy. Grăvis, grăvĭdus (chiefly poet. in this sense; in prose, heavy with
83 1304 1792 1374 young); very heavy, prægrăvis; i. e. stupid, q. v., stultus, hĕbes -ĕtis.
37 1365 1367 1439 to be heavy. Become heavy, grăvesco, 3; ingravesco.
38 1428 708 1500 t load heavily. Grăvo, 1.
38 1492 837 1554 a hscatomb. Hĕcătombe. Juv.
37 1556 942 1628 to hector. Glōrior, 1.—See to boast.
36 1615 369 1693 bedge. Sēpes.
37 1685 1131 1761 tohedge, to hedge in. Sēpio, 4; claudo, 3.
37 1749 562 1821 ahedgehog. Ericius.
36 1812 1940 1888 to heed. Cūro, 1; respĭcio, 3.—The Tusculans were charged to take heed
81 1879 1943 1956 that no new disturbance arose at Larici. Tusculanis negotium datum,
81 1945 1939 2013 adverterent animos ne quid novi tumultus Laricis oriretur. Liv.—I
80 2009 1943 2078 will take heed of the rest. Cætera cavebuntur. Cic.—So that we may
79 2073 1943 2142 tke heed that these matters are properly regulated. Ut caveamus ut ea
78 2140 1942 2210 moderata sint. Cic.—That I might take heed to give no one any sus-
75 2202 1942 2272 picion, &c.... Ut caverem ne cui suspicionem..... darem. Cic.—We
76 2269 1947 2338 must tke heed that kindness does not injure those very people. Viden-
78 2327 1942 2400 dum est ne benignitas obsit in ipsis. Cic.—Wherefore we must take
77 2387 1560 2467 heed of these things. Quamobrem hæc videnda sunt. Cic.
27 2446 1347 2530 heed. Cūra, cautio.—In doing any thing. dīlĭgentia.
28 2514 1939 2593 hsdful, in guarding against. Cautus.—In attending, attentus—In doing,
26 2584 259 2648 dīlīgens.
25 2643 961 2722 heedfully. Caute, attente, dĭlĭgenter.
26 2707 985 2780 heedless. Inconsīdĕrātus, inconsultus.
25 2772 701 2844 bsedlemly. Inconsĭdĕrāte.
25 2837 913 2915 heedlesmess. Incūria, neglĭgentia.
24 2897 542 2977 hel. Calx -cis, fem.
25 2965 655 3038 to heel over. Inclĭno, 1.
26 3029 689 3100 a heifer. Jŭvenca, vĭtŭla.
23 3089 1942 3172 hight. Altĭtūdo, excelsĭtas, procērĭtas, esp. of stature.—A height, i. e. a
75 3160 1941 3235 hill, q. v., collis.—They arranged all their forces on a height. Copias
74 3233 1942 3301 mnes in loco edito instruxerunt. Cæs.—Having occupied the temples
73 3292 1943 3364 and principal heights. Templis locisque editioribus occupatis. Cæs.—
75 3352 1945 3427 There was such variety in their fortune that at one time one party was at
74 3416 1947 3492 the height of prosperity, and at another time the other party. Tanta
75 3485 1944 3556 varietas fuit fortunæ ut modo hi modo illi in summo essent fastigio. Nep.
74 3551 1947 3619 —Which from small beginnings has grown to such a height as now to
77 3606 1955 3712 be embarrassed by its own greatness. Quæ ab exiguis profecta initiis eo
78 3677 1948 3751 crevit ut magnitudine laboret suâ. Cic.—The height of prudencs
79 3736 1867 3842 slory, &c. Summa prudentia, summa gloria, etc. Cic.—The he
79 3809 845 3906 summer. Summa æstas. Cic.
