1980 3862
18 18 1014 89 to heighten, i. e. increase. Augeo, 2.
17 76 1612 145 heinous. Atrox, nĕfārius, flāgĭtiōsus, immanis.—See wicked.
17 141 1385 214 heinously. Atrōcĭter, nēfarie, flāgĭtiōse, immanĭter.
17 212 978 276 heinousness. Atrōcĭtas, immānitas.
19 272 1072 343 heir, heiress. Hæres -ēdis, masc., fem.
18 342 606 409 heirship. Hærēdĭtas.
18 385 1946 470 hell. Orcus, Tartărus, pl. -ra, eut.—Do those things terrify you, the
83 459 1943 530 three-headed Cerberus in hell, the roaring of Cocytus, the passage of the
85 522 1941 599 Acheron, &c. Num te illa terrent, triccpe apud infernos Cerberus, Cocyi
87 596 896 660 fremitus, transvectio Acherontis.
22 652 1901 729 of hell, hellish. Infernus, tartăreus, stĭgius; i. e. wicked, q. v., nĕfāim
22 720 1411 792 hellebore. Hellĕbŏrus, helleborum (Plin.), vērātrum.
21 791 598 843 Hellenic.—See Greek.
22 853 729 920 Hellespont. Hellespontus.
21 915 979 983 of the Hellespont. Hellespontiăcus.
23 969 1946 1044 helm. Gŭbernācŭlum, sync. —āclum, clavus, *mŏdĕrāmen ĭnis, set.; rĕgĭ
87 1039 1390 1108 men (used also metaph. for the helm of the state).
24 1105 1181 1175 a helm or helmet. Gălea, cassis -ĭdis, fem.
25 1173 823 1240 wearing a helmet. Găleātus.
26 1237 903 1300 a helmsman. Gŭbernātor, rector.
26 1291 1948 1366 to help. Jŭvo, 1; adjuvo, succurro, 3; subvĕnio, 4; ŏpĭtŭlor, 1; aurili,
96 1358 1949 1431 1.—Cæcilius has begged me to help him against Satrius. Rogavit e
92 1419 1948 1489 Cæcilius ut adessem ei (as we say stand by him) contra Satrium. Cic
91 1484 1945 1556 —I cannot help sending to you. Facere non possum quin ad te mittn.
94 1544 1946 1621 Cic.—You cannot help having known him in your province.—Piei
91 1617 1564 1685 non potest ut eum tu in tuâ provinciâ non cognōstis. Cic.
27 1679 1947 1749 help. Auxĭlium, adjūmentum (esp. to do a thing); (gen.) opis, opem
94 1737 1950 1813 ope no other cases.—A reinforcement, subsĭdium; i. e. remedy, rĕmĕ
95 1815 236 1864 dium.
30 1874 1280 1941 a helper. Adjūtor, fem. -trix, auxĭlintor. Tac.
29 1931 894 2005 helpful, i. e. useful, q. v. Ūtĭlis.
30 1999 624 2070 helpless. Inops -opis.
31 2072 623 2121 a helve. Mănūbrium.
32 2133 661 2197 a hem. Instĭta, limbus.
31 2188 1949 2266 to hem in, i. e. surround, q. v. Cingo, 3; circumdo, 1; claudo, 3; circr
98 2264 496 2329 claudo, sēpio, 4.
32 2323 1040 2394 a hemisphere. Hemisphærium. Vitr.
32 2391 515 2444 hemlock. Cĭcūta.
32 2454 686 2520 hemorrhage.—Ses blood.
32 2519 687 2582 hemp. Cannăbis. Plin.
34 2578 1101 2647 of hemp, hempen. Cannăbĭnus. Varr.
34 2646 465 2699 a hen. Gallĭna.
34 2708 547 2773 a hencoop. Căves.
33 2770 1950 2836 hence. Hinc.—Can any one be sure how he will be, I do not say a yet
99 2836 1951 2903 hence, but in the evening? An id exploratum cuiquam potest ese qu
98 2887 1954 2965 modo sese habiturum sit corpus, non dico ad annum sed ad vesperam'
101 2969 197 3018 Cic.
35 3029 617 3097 henceforth. Posthac.
33 3094 570 3151 her.—See he, his.
38 3155 1592 3220 a herald. Præco -onis, masc., fēcialis; metaph. prænuntius.
38 3220 931 3289 to herald. Nuntio, 1; prænuntio.
36 3282 1030 3350 herb. Herba.—A little herb, herbŭla.
37 3348 1719 3413 herbage. Gramen —ĭnĭs, ext.; cespes —ĭtis, masc.—See pasture.
37 3408 1830 3475 with abundant herbage. Herbĭdus, herbōsus, *herbĭfer -ĕra -ĕrum.
38 3475 875 3525 herbaceous. Herbāceus. Plin.
40 3531 678 3591 a herbalist. Herbarius.
40 3590 1955 3663 a herd of cattle. Armentum, pĕcus -ŏris, neut. (not c. gen. of the kind)
106 3653 1217 3723 of anything,. grex, grĕgis, masc.—See crowd.
42 3713 1101 3784 to herd together. Convĕnio, 4; coeo, 4.
43 3772 1015 3838 a herdsman. Armentārius, bŭbulcus.
