2022 3874
56 17 1585 93 to hold one's peace. Tăceo, 2; contĭcesco, 3.—See silent.
54 82 868 147 to hold (an office). Fungor, 3.
54 143 1988 210 to hold (a course, a line of conduct, &c.). Sĕquor, 3; permăneo, c. in sd
119 212 208 261 abl.
55 273 1989 340 hold, subst., i. e. grasp (in such sentences as to loosen one's hold). Mănus, 4
56 337 1987 402 to have hold of. Manu teneo.—To have firm hold of. Firme comprehend Cic.
55 401 1991 466 hold over, i. e. influence with. Auctōrĭtas, c. apud.—And if you wish, by
120 467 1990 533 saving his friends, to have a hold upon him. Quem si vobis, suis con
120 529 1991 593 servatis obstrictum habebitis. Cic.—He had no hold upon me. Obli-
118 591 1987 662 gatus nihil ei eram. Cic.—Who have a great hold over me. Qui apad
119 661 809 724 me plurimum possunt. Cic.
57 725 898 787 the hold (of a vessel). Fundus.
56 788 1017 854 a hold, i. e. strong place. Castellum.
55 851 1989 916 a hole, i. e. a space made by a boring instrument. Fŏramen -ĭnis, seut.;
120 915 1991 981 i. e. a lurking-place of an animal, căvum, lătĭbŭlum.—Any cvity,
120 984 323 1031 căverna.
55 1045 471 1108 holily. Sancte.
56 1110 795 1175 holiness. Sanctĭtas, rēlĭgio.
56 1176 449 1227 holloa. Heus.
55 1238 1810 1301 to holloa, or halloo. Clamo, 1; vocĭfĕror, 1; to holloa to, inclamo.
54 1303 1995 1370 hollow. Căvus, concăvus, căvatus; i. e. faithless, infīdus, infĭdēlis, vānu;
117 1369 932 1434 i. e. easy (of a victory), facilis.
54 1433 785 1494 a hollow. Căvum, căverns.
54 1495 1993 1560 to hollow out. Căvo, 1; excavo (Plin.), excido; i. e. want of a tut
118 1558 1018 1622 worthy character, vanitas, ĭnānĭtas.
52 1621 745 1685 holly. Ăquĭfŏlium. Plin.
52 1679 770 1750 holm oak. Iler -ĭcis, fem.
54 1750 1094 1812 a grove of holmoak. Ilĭcētum. Mart.
51 1806 999 1877 of holmoak. Ilignus, īlĭceus. Stab.
50 1878 1955 1945 holy. SanctuĂĂ, castus; of persons only, piu
52 1941 962 2007 holyday, holiday. Feēriæ, festum.
51 2006 1270 2069 keeping holiday. Fēriatus.—See to celebrate.
52 2068 1994 2136 homage, i. e. respect. Rĕvĕrentia, vĕnĕrātio; salutation, sălūtātio.—The
117 2135 1584 2200 homage by prostration paid to eastern monarchs, ădūlatio.
53 2198 1994 2264 to pay homage, i. e. respect. Vĕnĕror, 1; rĕvĕreor, 2; i. e. salute, sălūto, 1;
118 2266 859 2327 in Eastern fashion, ădūlor, 1.
53 2325 1993 2395 home. Dŏmus, 4; with some cases, esp. abl. sing., and gen. pl., as if 2
117 2391 1993 2455 —At home, domi; but domi is never used as the gen of domus; after verbs
118 2455 1995 2520 of motion to or from a place, used in acc. or abl., without a preposition, like
117 2518 1993 2586 the name of a town.—Will you then decide that the law is, that the
120 2579 1993 2648 homes, the altars and hearths, and household gods of every individual
118 2649 1996 2714 among you are to be subject to the tyranny of a tribune? Jus igitur
117 2714 1994 2780 statuetis esse uniuscujusque vestrum sedes, aras, focos, Deos penates
117 2773 1994 2839 subjectos esse libidini tribuniciæ? Cic—With what zeal did he tke
118 2840 1994 2906 care that no unpopularity from these circumstances should come to me.
121 2901 1995 2971 Quo studio providit ne quæ me illius temporis invidia attingeret. Cic.
120 2972 792 3033 (see to affect).—See abode.
55 3034 1235 3099 belonging to home. Dŏmestĭcus, fămĭliāris.
53 3092 1998 3161 homeless.—He has rendered me, as you see, homeless, houseless, and des-
120 3159 1912 3228 titute. Me sicuti videtis extorrem patriâ, domo, inopem effecit. Sall.
17 3226 1001 3294 homeliness. Simplĭcĭtas, rustĭcĭtas.
54 3293 921 3356 homely. Simplex —icis, rustĭcus.
57 3358 893 3421 in a homely manner. Rustice.
55 3420 891 3486 homicide. Cædes, hŏmĭcīdium.
56 3484 1286 3549 a homicide. Hōmĭcīda, percussor.—See slayer.
56 3548 556 3611 a homily. Cōncio.
56 3614 694 3675 a hone. Cos, cōtis, fem.
55 3676 878 3739 honest. Prŏbus, justus, æquus.
56 3737 1996 3806 honestly. Juste, probe; i.e. with truth (to say honestly, &c.), vēe,
123 3802 329 3851 candĭde.
