1998 3952
58 18 1953 99 hmesty. Prŏbĭtas, æquĭtas, justĭtia, fĭdes.—I will labour with all honesty
105 90 1053 148 and zeal. Summo studio ac fide enitar.
51 147 353 214 honey. Mel.
53 213 1263 289 of honey, like honey. Mellītus, melleus. Plin.
55 278 784 351 to make honey. Mellĭfĭco, 1.
51 342 1446 417 aking honey. Mellĭfera erum, mellĭfĭcus. Col.
52 406 1137 479 ahing honey, sbst. Mellĭfĭcium. Var.
51 467 1191 546 the time for taking honey. Mellatio. Plin.
51 531 930 610 hneysuckle. pĕriclĭmĕnus. Plin.
51 594 1551 673 hoorary. Hŏnōrarius; of a reward, &c., lībera -ĕrum.
53 659 1956 743 to honour. Vĕnĕror, 2; rĕvĕreor, 2; hŏnōro, 1; (and esp. to show honour by
99 735 1954 806 outward signs, so) cŏlo, 3.—To show honour to, hŏnesto, 1; augeo, 2; esp. by
97 795 1956 865 praise, ormo, 1.—This body has never conferred what honours and benefits
99 857 1958 933 it has in its power on any one. Neminem unquam est hic ordo complexus
97 915 1957 994 honoribus et beneficiis suis. Cic.—Deputations which had come to
95 991 1957 1060 eecort Scipio for the sake of doing him honour. Legationes quæ ad prose-
98 1053 1960 1124 quendum Scipionem officii causâ convenerant. Liv. How greatly your
95 1109 1959 1187 brother honours and always has honoured me, no one, I think, is ignorant;
95 1175 1959 1249 indeed, your whole house has always treated me with the most honourable
93 1236 1959 1316 kindness. Frater tuus quanti me faciat semperque fecerit esse hominem
94 1306 1960 1377 qui ignoret, arbitror neminem; domus tua denique tota me semper omnibus
93 1374 1960 1445 summis officiis semper prosecuta est.—After Lepidus had been honoured
95 1432 1962 1507 with the most conspicuous honours by the senate. Cum honoribus amplis-
92 1497 1148 1573 simis a senatu esset Lepidus ornatus. Cic.
45 1551 1963 1636 hnour (in every sense). Hŏnor; also in nom. hŏnos; i. e. glory, q. v.,
90 1623 1962 1701 gloria, laus -dis, fem. i e.; respect, rĕvĕrentia, observantia (shown to people
90 1690 1965 1763 vith whom one is); i. e. offices of state, mūnus ĕris, aeut.; dignĭtas (ses
90 1753 1962 1827 office).—Piety, in obedience to which duty and careful honour is paid
91 1819 1964 1891 to those related to us by blood, and to the benefactors of our country.
88 1879 1965 1953 Pietas, per quam sanguine conjunctis patriæque benevolis officium et
86 1944 1967 2016 diligens tribuitur cultus. Cic.—Sextus Aufidius equals my nearest
83 2010 1964 2080 elations in the honour which he pays me; and in his own honourable
83 2079 1966 2147 position is second to no Roman knight. Sextus Aufidius et observantiâ quâ
81 2143 1962 2210 me colit accedit ad proximos, et splendore equiti Romano nemini cedit.
32 2260 1132 2337 funeral hnours. Exsĕquiæ.—See funeral.
33 2323 1966 2403 honourable, of a person or action. Hŏnōrābĭlis, hŏnestus, bŏnus; i. e. vir-
80 2402 1967 2468 tuous, just; prŏbus, justus.—Of honours, compliments, rank, &c.. amplus,
73 2462 1967 2531 splendĭdus.—Of a person enjoying such, oroātus, nōbĭlis, insignis.—Of praise,
79 2530 1967 2595 reward, &c.; i. e. doing honour to, hŏnōrĭfĭcus, comp. entior.—Because
84 2585 1969 2655 l saw men loaded with honour who were not honourable. Quod non
80 2652 1968 2724 dignos homines honore honestatos videbam. Sall.—And although this
79 2724 1968 2788 seems most honourable to plead and speak in. Quanquam hic locus ad
76 2786 1786 2852 agendum amplissimus, ad dicendum ornatissimus est visus. Cic.
27 2839 1969 2915 honourably, i. e. like an honest man. Hŏneste; i. e. receiving or conferring
79 2909 813 2979 honour, hŏnōrĭfĭce, splendĭde.
26 2970 875 3042 a hood. Calantĭca, cŭcullus, Juv.
26 3037 996 3105 to hoodwink. Lūdo, 3.—See deceive.
27 3100 442 3174 a hoof. Ungŭla.
23 3160 823 3237 having hoofs. Cornĭpes ĕdis.
23 3230 646 3300 a hook. Uncus, hāmus.
23 3288 1972 3366 hooked. Uncus, ăduncus, curvus, rĕcurvus; i e. armed with a hook, hām-
74 3366 437 3420 tus, uncĭnătus.
20 3422 1810 3494 to hook, i. e. bend (q. v.) into a hook. Curvo, 1; i. e. catch, căpio, 3.
22 3486 645 3555 a hoop. Orbis, circŭlus.
19 3550 1974 3622 to hoot. Clamo, 1; vocĭfĕror, 1; strĕpo, 3.—To hoot at, inclamo.—They
73 3616 1455 3685 hoot the decemvir down. Decemviro ostrepitur. Liv.
19 3681 533 3751 to hop.—See to leap.
17 3739 1112 3816 hop (the plant). Lŭpus sălictarius. Plin.
17 3808 1974 3882 hope. Spes; i. e. expectation, expectatio; dimin. spēcŭla.—Who had de-
