2012 3947
21 74 927 145 to humbug. Ludo, 3; ludĭfĭco, 1.
16 140 938 209 humid. Hūmĭdus, ūdus, mădĭdus.
16 204 548 270 humidity. Hūmor.
18 272 1216 335 to render humid. Mădĕfăcio, 3; hūmecto, 1.
17 332 1400 402 humiliation. Dejectio, abjectio, dēmissio, submissio.
18 396 1166 464 humility. Hŭmĭlĭtas, mŏdestia, vĕrēcundia.
21 462 1569 530 a humorist, humorous. Festīvus, făcētus, lĕpĭdus, jŏcōsus.
19 525 804 591 humorously. Festive, făcēte.
20 589 1976 659 humour, i. e. disposition. Ingĕnium, indŏles; i. e. inclination, ĭĭbīdo, ănĭ-
77 659 1973 723 mus; i. e. wit, festīvĭtas, făcētiæ, lĕpor or lĕpos, sal sălis, masc.—A piece
78 721 1050 788 of humour, jŏcus, masc.; pl. joca, neut.
19 784 999 852 good humour. Hūmanĭtas, făcĭlĭtas.
18 846 643 915 ill humour. Aspĕrĭtas.
18 911 1975 980 to humour. Indulgeo, 2; obsĕquor, 3; mōrĭgĕror, 1.—I will humour you
77 978 1977 1046 and explain what you wish as well as can. Geram tibi morem et ea
79 1043 1975 1110 quæ vis ut potero explicabo. Cic—I pacified my colleague Antony by
81 1103 1754 1171 humouring him. Ego Antonium collegam obsequio meo mītĭgavi.
21 1166 1498 1237 humoursome. Pĕtŭlans, mōrōsus, diffĭcĭlis.—See fretful.
20 1231 1978 1301 a hump. Tūber -eris, aeut.; gibber -ĕris, masc. (Plin.); gibbus (Juv.), gibba
82 1297 273 1358 (Suet.).
17 1356 936 1420 humpbacked. Gibber -ĕra ĕrum.
20 1420 1976 1493 a hundred. Centum, centeni.—Two hundred, three hundred, &c., dŭcenti,
80 1488 1977 1556 dŭceni, trĕcenti, trĕcēni, quadringenti, quadringeni, quingenti, quingeni,
79 1553 395 1612 sexcenti, &c.
21 1612 1977 1686 hundredth, two hundredth, &c. Centēsĭmus, dŭcentēsimus, trecentesimus,
79 1681 656 1745 quadringentesimus, &c.
21 1741 1978 1812 a hundred times, two hundred times, &c. Centies, dŭcenties, trecenties,
81 1809 553 1871 quadringenties, &c.
21 1869 1089 1940 a hundredfold. Centuplex -ĭcis. Plaut.
22 1932 1575 2009 having a hundred ans, eyes, gates, &c. *Centumgĕmĭnus.
21 1997 897 2070 hunger. Fămes, esŭrīes, esŭritio.
23 2061 1014 2130 to hunger, or be hungry. Esŭrio, 4.
21 2099 1980 2198 hungry. Jejūnus, fămēlĭcus (Plin.), ēsŭriens; i. e. voracious, vŏrax, ĕdax.
78 2193 1587 2262 —Dying of hunger, fame enectus, or confectus; both in Cic.
22 2254 1980 2325 to hunt. Venor, 1; sĕquor, 3; insequor, persequor, sector 1.—To hunt out,
78 2322 1236 2388 i. e. seek diligently for, exquīro, 3.—See seek.
24 2381 922 2450 a hunter Vēnator, from vēnātrix.
23 2444 524 2510 hunting. Vēnātio.
23 2508 646 2575 of hunting. Venatĭcus.
24 2572 491 2629 a hurdle. Crātes.
25 2637 1982 2713 to hurl. Jăcio, 3; prōjĭcio, conjĭcio, torqueo, 3; contorqueo, mitto, 3; ēmitto,
80 2703 1600 2774 jaculor, 1; jacto, 1.—To hurl at, intorqueo, injicio, immitto.
28 2764 1278 2832 a hurricane. Turbo -ĭnis, masc.—See storm.
30 2828 1236 2900 to hurry. Festino, 1; prŏpĕro, 1.—See hasten.
29 2889 805 2964 hurry. Festīnatio, prŏpĕrātio.
30 2955 900 3029 in a hurry. Festĭnanter, prŏpĕre.
32 3018 1178 3094 hurried, of an action. Prŏpĕrus—See hasty.
33 3082 1986 3159 hurt. Mălum, damnum, detrīmentum, injūria, pemĭcies.—A hurt, i. e.
89 3155 780 3218 a wound, vulnus —ĕris, nom.
37 3211 1984 3288 to hurt. Lædo, 3, c. acc.; nŏceo, 2 (very rarely of a bodily hurt), c. dat.;
92 3279 1988 3351 offendo, 3 (esp. of hurting one's own limbs by a fall, &c.); i. e. to be a
93 3340 1390 3412 hindrance to, obsum, obsto, 1; obsisto, 3; officio, 3.
36 3401 1746 3482 hurtful. Mălus, damnosus, permĭciōsus, injuriōsus, noxias, nŏcens.
36 3465 1004 3541 hurfully. Damnose, pernĭciōse.
38 3528 1198 3600 hurtless. Innoxius, innŏcens.—See innocent.
38 3596 624 3663 to hnsband. Parco, 3.
39 3656 1174 3735 husband. Vir, mărĭtus, conjux -ŭgis, masc.
41 3722 1987 3800 a husbandman. Agricultor, ăgrĭcŏla, masc., rūrĭculōnus, ægrestia—
49 3788 660 3860 See ploughman, reaper.
44 3847 688 3923 husbandry. Agricultura.
