2017 3823
80 18 1988 84 unhknown gods, so utterly unknown that we cannot form an idea of them
80 83 1988 150 even conjecturally, to be able to imagine anything
78 148 1987 216 in turbam congregat ignotorum deorum,
78 213 1988 278 atque ita ignotorum ut eos ne cenjecturâ quidem informare possimus cum
80 275 1661 341 mens nostra quidvis videatur conjecturâ posse defingere. Cio.
16 332 731 400 ideal. Ădumbrātus, fictus.
16 397 882 469 identical. Idem.—See the ss
17 467 671 530 identification. Agnĭtio.
21 531 683 597 to ify. Agnosco, 3.
16 594 403 659 ides. Idus, 4.
18 659 442 724 idiom. Lingus.
16 723 583 788 idiomatie. Prŏprius.
18 786 1814 850 idiot, idiotic. Fătuus, imbēcillus, dēlĭrus, dēmens.—See mad, foolish.
18 850 1104 918 idiotcy. Amentia, dementia, imbēcillĭtas.
18 915 1986 982 idle. Ignavus, segnis, ĭners, dēsesĭdis, desĭdiosns; i. e. useless (as idle
82 981 1982 1046 talk, an idle attempt, &c.), vānus, īnānis; useless (as money lying idle),
19 1107 1985 1173 to be idle. Cesso, 1; quiesco, 3.—Those who out of lasiness idle awy
82 1172 1986 1236 their lives in inactivity. Qui propter desidiam in otio vivunt. Cic.—
85 1236 1873 1303 We have idled away our intellects. Desidia animum infecimus. Cic.
24 1295 1981 1367 idleness. Ignăvia, ĭnertia, segnĭties and segnitia, sægnitas, dēĭdia; i. e.
85 1363 1985 1431 uselesness (of an attempt, &c.), ĭnānĭtas, vānĭtas.—Epicurus thinks
85 1428 1985 1493 nothing more desirable than idleness. Epicurus nihil cessatione melius
28 1553 812 1620 idly. Ignāve, segnĭter, ōtĭose.
32 1681 1154 1749 an idol. Sĭmŭlācrum, effĭgies.—See image.
32 1802 1109 1876 an idyl. Ĭdyllium, eclŏga (both in Plin.).
32 1873 1986 1942 if. Si.—After verbs of asking, utrum, an, anne; when expecting a
88 1940 1985 2006 negative answer, num.—If is often rendered by a participle.—lf they
89 2003 1985 2068 conquer they are transported with joy; if they are conquered they are
86 2069 1984 2136 dispirited and lose all courage. Si vincunt efferunt se lætitiâ, victi debili-
37 2134 975 2195 tantur, animosque demittunt. Cic.
33 2193 624 2255 if not. Nĭsĭ, contr. nĭ.
33 2259 634 2324 as if. Quăsĭ, tanquam.
33 2321 350 2386 but if. Sin.
28 2385 1985 2454 just as if. Perinde ac, perinde ac si; each with subj.—Valuing them as
36 2574 490 2645 igneous. Igneus
38 2643 1898 2712 b ignite, trans. Accendo, 3; incendo, 3; inflammo, 1; intrans. accendor.
38 2705 1235 2775 ignoble. Ignōbĭlis, inglōrius; i. e. base, turpis.
39 2770 839 2838 ignobly, i. e. basely. Turpĭter.
38 2834 1795 2901 Ăgnominious. Ignōmĭniōsus, turpis, ĭnhŏnestus, indĕcōrus, infămus.
38 2898 1237 2965 gnominiously. Turpĭter, indĕcōre, inhŏneste.
38 2961 1682 3031 ignominy. Ignōmĭnia, infamia, dedecus -ŏris, sest.; turpĭtūdo.
39 3025 1170 3095 ignoranse. Ignorantia, ignoratie, inscientia.
39 3089 1993 3157 lgnorant, in every sense. Ignārus, inscius, nescius (rather sf ignorance of
100 3154 1988 3224 some fact than of any science, &c.); i. e. illiterte, indoctus, illĭtĕrttus;
46 3219 1897 3318 i e. unskilful (in some particular art), impĕrtus, rrdis, c. gen. or sine c.
43 3279 566 3346 ignorantly, i. e. uns
631 3285 1329 3351 ully. Inscienter, impĕrĭte.
47 3318 1987 3413 to he igorant. Ignoro, 1; nescio, 4. Ignoro i ofen followed by quin.
99 3410 1988 3478 —Who is ignorant that there are three classes of Greeks? Quis igno-
98 3474 1990 3543 at quin tria Græcorum Græcorum sunt? Cic.— Not that I think you
98 3538 1774 3606 ignorant of these things. Non quod ea te fugere existimem. Cic.
48 3595 1990 3671 ill, i. e. bad, q. v. Mălus, cp. ppeoo,, sp. pesĭmus; i. e. in bad health,
50 3728 1989 3799 t be fll. Ægroto, 1; lăbōro, 1; dŏleo, 2 (these two c. abl. of the part
