2013 3812
82 18 1960 92 affected, or of the disease).—Although he did not appear to be very il.
84 86 1362 158 Quanquam videbatur se non graviter habere. Cic.
18 148 1901 220 ill, i. e. harm, q. v. Mălum, damnum; i. e. sorrow (q. v.), dŏlor, ærumna.
17 211 1964 287 ill, adv., i. e. badly. Măle, comp. pejus, pessime, perpĕram.—(That) it
83 274 1962 349 does not follow that the gods had but ill provided for us because men used
85 341 1963 407 their kindness ill. Non idcirco non optime nobis a Diis esse provisum, quod
86 405 1963 472 multi eorum beneficio perverse uterentur. Cic.—Men took it ill, and
88 469 1962 541 were indignant that they should be carried off by this pirate. Hoc ab ite
87 534 1962 609 prædone ereptum esse graviter et acerbe homines ferebant. Cic.—Becanse,
88 596 1963 662 when tried before, it had turned out ill. Quia tentatum antea (bellum s.),
88 660 1962 736 secus cesserat. Sall.—When there was no reason why he should judge
88 724 1965 800 ill (i. e. incorrectly) of himself. Cum causæ nihil esset quin secus judicaret
91 798 507 864 ipse de se. Cic.
27 855 1301 926 to speak ill. Mălĕdīco, 3, c. dat.—See to abuse.
24 919 1384 986 one who speaks ill. Mălĕdĭcus, comp. -entior, &c.
29 986 895 1044 to treat ill. Malefacio, 3. Ter.
28 1039 1060 1113 to use ill, i. e. misuse, q. v. Ăbūtor, 3.
27 1112 1084 1174 ill-advised. Inconsīdĕratus, inconsultus.
32 1178 916 1245 ill-fated. Infelix -īcis, infaustus.
32 1238 1969 1304 ill-humoured, ill-tempered. Diffĭcĭlis, mōrōsus, ăcerbus, asper -ĕa--em.
30 1299 908 1373 ill-disposed. Inĭquus, mălĕvŏlus.
30 1367 1386 1441 ill-grounded (of hopes, &c.). Vanus, ĭnanis, irrĭtus
33 1438 505 1505 illegal. Illĭcĭtus.
35 1499 677 1568 illegitimate. *Nŏthus.
35 1564 737 1620 illiberal. Illībĕralis.
37 1627 726 1692 illiberality. Illībĕralitas.
38 1690 706 1755 illiberally. Illībĕralĭter.
38 1754 486 1809 illicit. Illĭcĭtus.
37 1817 931 1884 illimitable. Immensus, infīnītus.
36 1884 868 1943 illiterate. Indoctus, illiteratus.
39 1945 1068 2015 ill-looking. Informis, deformis, turpis.
38 2008 1312 2081 ill-natured. Mălignus, mălĕvŏlus, comp. entior.
40 2076 776 2144 illness. Morbus, ægrōtatio.
41 2140 1077 2203 to illuminate. Illustro, 1; collustro, 1.
40 2204 731 2260 illumination. Illustratio.
41 2269 775 2332 illusion. Lūdĭbrium, error.
42 2334 681 2399 illusion. Fallax, falsus.
41 2392 1974 2460 to illustrate. Illustro, 1; pătĕfacio, 3; explĭco, 1; explano, 1.—S s
106 2467 306 2529 explain.
43 2524 1294 2588 illustration. Illustratio, explanatio.
44 2586 1548 2656 illustrious. Clarus, præclarus, insignis, illustris, ēgrĕgius.
44 2655 1093 2717 illustriously. Clare, insignĭter, egregie.
44 2717 693 2772 illustriousness. Glōria.
46 2774 1094 2845 an image. Imago, effĭgies, sĭmŭlacrum.
47 2834 1977 2917 to image. Repræsento, 1.—To image to oneself, i. e conceive, concĭ-
111 2916 269 2979 pio, 3.
48 2964 811 3042 imagery. Imagĭnes, pl. fem.
50 3028 1982 3107 imaginable.—It is inexpressible, O judges, it is not even imaginmble
117 3101 1825 3170 Non potest dici, judices, ne cogitari quidem. Cic.—See to imagine.
46 3166 1285 3236 imaginary. Fictus, commentĭtius, ĭmāgĭnarius.
52 3227 1608 3300 imagination. Ingĕniōsus; sublimely imaginative, sūblīmis.
54 3289 1984 3362 to imagine. Concĭpio, 3; cōgĭto, 1; excogito, esp. so as to contrive.—
117 3351 1986 3429 Just imagine, therefore, my present condition. Fingite igitur, cogitatio
119 3415 1988 3491 imaginem hujus conditionis meæ. Cic.—Imagine two kings, and viev
116 3477 1989 3550 with your mind what you cannot view with your eyes. Propone tibi dus
119 3547 1888 3612 reges, et id animo contemplare quod oculis non potes. Cic.—See idea.
54 3608 1522 3674 imbecile. Imbecillus, more rarely imbecillis.—See weak.
57 3668 1055 3725 in an imbecile manner. Imbēcillĭter.
56 3725 718 3789 imbecility. Imbēcillĭtas.
