2008 3900
53 18 771 90 improperously. Infelīcĭter.
54 88 1974 158 to improve, trans.—Is anything good which does not improve him who has
97 154 1974 224 it? Quidquam bonum est, quod non meliorem facit eum qui possidet
98 218 1677 286 (Cic.)? so, to improve a person in learning, doctiorem facio, &c.
48 281 1262 350 to improve, intrans. Prōfĭcio, 3; prōgrĕdior, 3.
49 343 1155 414 improvement. Progressus, 4; prōfectus, 4.
46 407 1431 478 improvable, i. e. capable of improvement. Profecturus.
48 470 775 541 improvidence. Imprudentia.
47 533 1018 606 improvident. Imprūdens, imprōvĭdus.
46 600 1099 671 improvidently. Imprūdenter, imprōvĭde.
46 663 732 732 imprudence. Imprudentia.
45 727 1973 800 imprudent. Imprūdens, imprōvĭdus, incautus, inconsultus, inconsideratus.—
48 796 288 855 See rash.
40 854 1922 930 inprudently. Imprudenter, imprōvĭde, incaute, inconsulte, inconsiderate.
38 919 1974 994 impudence, Impŭdentia, prŏcācĭtas, pĕtŭlantia.—How great is the im-
89 989 1977 1048 pudence of that advocate who ventures to undertake those causes without
89 1054 1976 1121 any knowledge of law. Quod tandem os est illius patroni, qui ad eas causas
89 1116 1975 1188 sine ullâ scientiâ juris audet accedere. Cic.—I said that they appeared
88 1184 1976 1249 to me to be men of shameless impudence who attempt to use action before
88 1241 1976 1314 him (i. e. Roscius). Dixi mihi videri ore durissimo esse qui præsente eo
38 1314 841 1374 gestum agere conarentur. Cic.
36 1369 1430 1443 impudent. impŭdens.—In language, prŏcax, pĕtŭlans.
36 1432 1670 1506 impudently. Impŭdenter.—In language, prŏcācĭter, pĕtŭlanter.
37 1499 1976 1571 to impugn. Impugno, 1; incūso, 1.—But no one attempted to impugn
85 1564 1974 1633 the truth of their statement. At controversia non erat quin verum dicerent.
86 1628 167 1679 Cic.
32 1686 1976 1764 impulse. Pulsus, 4; impulsio, impulsus, 4; motus, 4 (esp. of the mind).
85 1761 1976 1828 —They compelled him to act on impulse rather than with deliberation.
36 1820 1543 1890 Coegerunt impetu magis animi uti quam cogitatione. Cic.
30 1882 608 1952 impunity. Impūnĭtas.
30 1947 703 2017 vith impunity. Impūne.
28 2006 1976 2082 eeting with impunity. Inultus, impūnītus, incastīgātus, impūnis. (Ov.
81 2079 1978 2148 Tac., but rare, and only in neut. sing., so that some take it for the adverb.)
26 2136 690 2206 impure. Impūrus, fœdus.
27 2203 687 2272 impurely. Impure, fœde.
26 2267 817 2337 impurity. Impūrĭtas, fœdĭtas.
27 2332 1495 2401 to impurple. Purpŭro, 1, Col.—With blood, cruento, 1.
27 2391 665 2459 imputable, Tribuendus.
26 2454 1978 2530 imputatio, i. e. accusation, q. v. Accusatio.—For it is not the imputation
79 2526 1978 2596 of a crime which has put Rabinius in peril of his life. Non enim Rabinium
78 2591 1979 2658 culpa delicti in discrimen capitis vocavit. Cic.—And he will argue that
77 2658 1978 2726 you should not pemit his glory, as a general, to be obliterated by impu-
77 2720 1978 2786 tations of avarice. Contendet.... neve obteri laudem imperatoriam cri-
77 2783 1984 2853 minibus avaritiæ velitis. Cic.—They read me letters full of all kinds of
76 2847 1978 2916 imputations upon me. Epistolas mihi legerunt plenas omnium in me
77 2914 499 2971 probrorum. Cic.
24 2971 1979 3043 t impute. Trĭbuo, 3; imputo, 1; objĭcio, 3.—Because he knew that it
78 3041 1978 3109 would be imputed to him that he had received money. Quod sciret
78 3103 1979 3170 sibi crimini datum iri pecuniam accepisse. Cic.—I not only think that
77 3167 1978 3233 it is not to be imputed to them as a creditable action, but that it is to be
74 3231 1978 3293 imputed as a fault. Iis non modo non laudi, verum etiam vitio dandum
76 3296 1979 3365 puto. Cic.—He says that he knew that it was very easy to impute
78 3360 1979 3427 crimes to the dead. Commemorat.... scire atque intelligere se causam
22 3426 1092 3492 peccati facillime mortuis delegari. Cæs.
16 3483 1979 3554 in. In; i. e. within, intra. — In Euripides (as a quotation), apud Euri-
76 3552 1978 3621 pidem. Cic.—In military glory no one can approach Africanus. Ex
73 3615 1978 3681 bellicâ laude aspirare ad Africanum nemo potest. Cic.—In all this time
75 3681 1975 3749 no letter ever came from you without some useful and agreeable news.
79 3741 1977 3810 Nulla abs te per hos dies epistola inanis aliquâ re utili et suavi venerat.
78 3808 1976 3875 Cic.—We expect you here in January. Nos te hic ad mensem Janua-
