<PcGts xmlns="http://schema.primaresearch.org/PAGE/gts/pagecontent/2019-07-15" xmlns:xsi="http://www.w3.org/2001/XMLSchema-instance" xsi:schemaLocation="http://schema.primaresearch.org/PAGE/gts/pagecontent/2019-07-15 http://schema.primaresearch.org/PAGE/gts/pagecontent/2019-07-15/pagecontent.xsd"><Metadata><Creator>User123</Creator><Created>2022-01-14T20:06:17</Created><LastChange>2022-01-14T20:06:17</LastChange></Metadata><Page imageFilename="0261.png" imageHeight="3874" imageWidth="1998"><TextRegion id="r0" type="paragraph" orientation="-0.0"><Coords points="1,1 1996,1 1996,3872 1,3872"/><TextLine id="r0_l001"><Coords points="104,5 1966,5 1966,83 104,83"/><TextEquiv index="1"><Unicode>rium expectamus. Cic.—Having dared an exploit which will gain os</Unicode></TextEquiv></TextLine><TextLine id="r0_l002"><Coords points="103,83 1966,83 1966,147 103,147"/><TextEquiv index="1"><Unicode>renown than belief in the eyes of posterity. Rem ausus plus famæ habitu-</Unicode></TextEquiv></TextLine><TextLine id="r0_l003"><Coords points="711,212 711,210 711,209 549,209 548,208 305,208 304,207 302,207 301,207 301,206 300,205 300,195 300,194 146,194 145,193 104,193 101,191 101,189 102,188 102,165 104,163 105,163 106,162 258,162 258,162 258,151 259,150 259,149 260,148 265,148 266,147 267,148 269,148 272,152 272,154 273,154 695,154 697,152 698,152 701,149 702,149 703,148 704,148 705,147 789,147 790,146 791,147 792,147 793,148 1278,148 1279,147 1459,147 1460,148 1945,148 1946,147 1949,147 1950,148 1952,148 1952,149 1952,178 1953,178 1960,178 1961,179 1962,179 1963,181 1963,182 1964,183 1964,193 1963,194 1963,195 1962,196 1962,197 1960,199 1959,198 1830,198 1829,197 1802,197 1801,196 1363,196 1362,195 1358,195 1357,194 1007,194 1006,195 713,195 712,196 712,212 712,212"/><TextEquiv index="1"><Unicode>ram ad posteros quam fidei. Liv.—But in God's name hasten. Sed,</Unicode></TextEquiv></TextLine><TextLine id="r0_l004"><Coords points="1671,274 1670,273 1500,273 1499,272 1105,272 1104,271 1101,271 1098,269 1098,263 1100,261 1100,260 1100,259 690,259 689,260 575,260 574,261 479,261 478,262 478,269 477,270 477,271 476,272 475,272 474,273 392,273 391,272 110,272 109,271 108,271 105,269 106,268 106,231 107,230 107,229 108,228 109,228 110,227 111,227 112,226 208,226 208,226 208,215 209,214 209,213 210,212 232,212 233,213 234,213 235,214 236,214 237,215 242,215 247,220 248,220 248,221 248,223 249,224 249,225 251,226 666,226 666,226 666,225 667,224 667,223 668,222 668,221 674,215 675,215 676,214 677,214 678,213 681,213 682,212 891,212 892,211 962,211 963,212 1359,212 1360,211 1361,212 1556,212 1557,213 1558,213 1559,215 1559,216 1560,217 1560,221 1561,221 1959,221 1960,220 1960,215 1961,214 1961,213 1962,212 1962,211 1963,210 1964,210 1965,209 1967,209 1968,210 1969,210 1971,213 1971,214 1972,215 1972,217 1970,219 1969,219 1967,221 1967,254 1966,255 1917,255 1914,258 1913,258 1912,259 1855,259 1854,260 1692,260 1691,261 1691,263 1690,264 1690,266 1690,266 1689,266 1688,267 1687,267 1686,268 1686,271 1686,271 1685,271 1684,272 1684,273 1684,273 1683,273 1682,274"/><TextEquiv index="1"><Unicode>per Deos, propera. Cic.—Whom you in joke say has great stor</Unicode></TextEquiv></TextLine><TextLine id="r0_l005"><Coords points="106,276 1970,276 1970,339 106,339"/><TextEquiv index="1"><Unicode>eloquence. Quem tu per jocum divitias orationis habere dicis. Cic.—</Unicode></TextEquiv></TextLine><TextLine id="r0_l006"><Coords points="104,339 1970,339 1970,403 104,403"/><TextEquiv index="1"><Unicode>A cry arose that they would remain in arms. Clamor ortus, mansuros</Unicode></TextEquiv></TextLine><TextLine id="r0_l007"><Coords points="105,403 1970,403 1970,465 105,465"/><TextEquiv index="1"><Unicode>sub armis. Liv.—We are reminded by the most excellent consul in the</Unicode></TextEquiv></TextLine><TextLine id="r0_l008"><Coords points="107,468 1968,468 1968,531 107,531"/><TextEquiv index="1"><Unicode>memory of man. Monemur ab optimo post hominum memoriam conmle</Unicode></TextEquiv></TextLine><TextLine id="r0_l009"><Coords points="106,532 1969,532 1969,596 106,596"/><TextEquiv index="1"><Unicode>Cic.—He says that you did what was very acceptable to him in speaking.</Unicode></TextEquiv></TextLine><TextLine id="r0_l010"><Coords points="704,662 703,662 703,646 703,645 185,645 184,646 184,651 183,652 183,653 182,654 182,655 182,655 181,655 178,658 177,658 176,659 166,659 165,658 163,658 162,657 161,657 158,655 158,654 157,653 157,652 156,651 156,646 156,645 120,645 119,644 118,644 117,643 110,643 109,642 108,642 106,641 106,630 107,629 107,607 108,606 108,603 109,602 112,599 115,599 116,598 223,598 224,597 1221,597 1222,596 1277,596 1278,595 1280,595 1281,596 1284,596 1286,598 1703,598 1704,597 1914,597 1915,598 1916,598 1917,599 1918,599 1918,600 1918,602 1919,603 1919,609 1920,609 1960,609 1963,613 1963,614 1964,615 1964,616 1965,617 1965,624 1964,625 1964,635 1963,636 1963,637 1962,638 1961,638 1960,639 1927,639 1926,640 1925,640 1924,641 1913,641 1912,642 1865,642 1864,643 1775,643 1774,644 1773,644 1772,645 1707,645 1706,646 1701,646 1700,645 1145,645 1144,646 1144,653 1143,654 1143,655 1142,656 1081,656 1080,657 749,657 748,658 711,658 710,659 710,662 710,662"/><TextEquiv index="1"><Unicode>Significat te sibi valde gratum fuisse, quod locutus esces. Cic—Before</Unicode></TextEquiv></TextLine><TextLine id="r0_l011"><Coords points="1650,723 1649,722 1648,722 1647,721 1644,721 1643,721 1643,684 1643,683 1607,683 1606,684 1606,699 1605,700 1605,701 1604,702 1604,703 1603,704 1603,705 1602,706 1601,706 1600,707 1599,707 1598,708 1596,708 1595,707 1497,707 1496,708 1494,708 1493,707 1466,707 1431,707 1430,708 1429,707 1426,707 1425,707 1425,706 1425,705 1386,705 1384,707 1321,707 1319,705 1280,705 1279,706 1262,706 1261,707 1222,707 1221,706 1163,706 1162,707 1162,709 1161,710 1161,714 1160,715 1160,716 1160,716 1159,716 1156,719 1156,723 1156,723 1150,723 1149,723 1149,708 1149,707 1127,707 1126,706 1064,706 1063,707 976,707 975,708 974,707 971,707 970,706 967,706 966,705 944,705 925,705 924,706 924,707 923,708 923,711 922,712 922,715 921,716 921,717 919,719 919,720 919,720 918,720 917,721 916,721 915,722 914,722 913,723 912,722 909,722 908,721 907,721 906,721 906,720 905,719 905,718 904,717 904,708 904,707 805,707 804,708 798,708 797,707 729,707 728,708 726,708 725,707 605,707 604,708 604,709 603,710 603,711 602,712 602,713 602,713 601,713 600,714 600,715 599,716 598,717 597,717 596,718 594,718 592,717 592,711 592,710 582,710 581,709 532,709 531,708 528,708 527,707 480,707 463,707 462,708 462,721 462,721 460,721 459,722 457,722 456,723 450,723 449,722 448,722 447,722 447,720 446,719 446,707 446,706 396,706 395,707 349,707 348,708 346,708 345,707 171,707 170,708 169,707 132,707 118,707 117,708 116,707 114,707 109,703 109,702 108,701 108,687 107,685 105,685 104,685 104,684 103,683 103,681 110,674 110,673 111,672 111,671 113,669 126,669 126,669 126,663 127,662 128,662 129,661 132,661 133,660 134,661 135,661 136,662 137,662 137,663 137,676 139,677 147,677 148,678 209,678 210,677 247,677 248,676 298,676 299,677 345,677 346,676 347,677 391,677 392,676 410,676 410,676 410,675 411,674 411,670 412,669 412,667 415,664 415,663 416,662 417,662 418,661 419,661 420,660 424,660 425,659 426,660 427,660 428,662 429,663 429,664 430,665 430,676 431,676 475,676 475,676 475,663 478,660 485,660 487,662 488,662 488,663 488,666 489,667 489,678 490,678 557,678 558,677 582,677 583,678 585,678 586,679 588,679 588,680 588,681 589,682 589,683 590,683 629,683 632,680 633,680 635,678 639,678 639,678 639,665 640,664 641,664 642,663 646,663 648,666 648,667 649,668 649,679 650,679 699,679 700,678 701,678 701,678 701,664 703,662 711,662 711,663 711,676 712,676 869,676 869,676 869,663 872,660 896,660 897,661 899,661 900,663 900,676 901,676 972,676 973,675 974,676 992,676 993,677 1034,677 1034,677 1034,665 1035,664 1035,663 1037,661 1040,661 1041,662 1043,662 1043,663 1043,666 1044,667 1044,668 1045,668 1078,668 1079,669 1080,669 1081,671 1081,674 1083,675 1084,675 1085,676 1128,676 1129,675 1129,665 1130,664 1130,662 1131,661 1132,661 1133,660 1139,660 1142,664 1142,666 1143,667 1143,694 1144,694 1186,694 1187,693 1187,681 1188,680 1188,679 1190,677 1191,677 1192,676 1195,676 1196,675 1198,675 1199,676 1259,676 1259,676 1259,665 1260,664 1260,663 1261,662 1262,662 1263,661 1268,661 1269,660 1271,660 1272,661 1273,661 1274,662 1275,662 1275,663 1275,678 1276,678 1314,678 1318,674 1318,673 1320,671 1320,670 1321,669 1322,669 1323,668 1334,668 1334,668 1334,665 1335,664 1335,663 1338,660 1344,660 1345,661 1346,661 1346,662 1346,664 1347,665 1347,676 1348,676 1354,676 1355,677 1384,677 1385,678 1425,678 1426,677 1465,677 1466,676 1532,676 1533,677 1569,677 1569,677 1569,666 1570,665 1570,664 1572,662 1573,662 1574,661 1578,661 1581,665 1581,677 1582,677 1600,677 1601,678 1602,678 1604,680 1644,680 1644,680 1644,679 1646,677 1709,677 1709,677 1709,676 1712,673 1712,671 1714,669 1715,669 1716,668 1718,671 1718,672 1719,673 1719,676 1721,677 1759,677 1759,677 1759,667 1760,666 1760,664 1762,662 1763,662 1764,661 1766,661 1767,662 1768,662 1770,665 1770,677 1771,677 1794,677 1795,678 1834,678 1835,677 1835,676 1836,675 1837,674 1838,674 1839,673 1839,672 1840,671 1841,671 1842,670 1853,670 1853,670 1853,661 1854,660 1855,660 1856,659 1859,659 1860,660 1862,660 1864,663 1864,664 1865,665 1865,675 1867,676 1925,676 1927,674 1939,674 1939,674 1939,661 1940,660 1941,660 1942,659 1944,659 1945,660 1946,660 1947,662 1947,664 1948,665 1948,673 1950,674 1954,674 1956,677 1956,678 1957,679 1957,680 1961,683 1964,683 1965,684 1968,684 1969,686 1969,688 1970,689 1968,691 1967,691 1966,692 1960,692 1958,694 1958,695 1957,696 1957,697 1954,700 1954,701 1952,703 1937,703 1936,704 1927,704 1926,705 1899,705 1898,706 1845,706 1844,707 1802,707 1801,708 1760,708 1759,707 1756,707 1704,707 1703,708 1661,708 1660,709 1660,719 1659,720 1659,721 1658,722 1655,722 1654,723"/><TextEquiv index="1"><Unicode>the names of places, in is usually omitted, and the noun is put in the b</Unicode></TextEquiv></TextLine><TextLine id="r0_l012"><Coords points="105,724 1970,724 1970,788 105,788"/><TextEquiv index="1"><Unicode>lative; and in other instances; as, — I think that he, though he dares ot</Unicode></TextEquiv></TextLine><TextLine id="r0_l013"><Coords points="105,788 1971,788 1971,850 105,850"/><TextEquiv index="1"><Unicode>do so in words, does in fact confess his criminality. Existimo eum tamei</Unicode></TextEquiv></TextLine><TextLine id="r0_l014"><Coords points="556,916 553,914 553,902 553,901 512,901 511,900 198,900 197,899 144,899 143,898 141,898 140,897 118,897 115,895 115,894 113,892 113,891 112,890 112,888 111,887 111,884 110,883 110,882 109,881 109,880 104,875 104,874 103,873 103,871 104,870 105,870 106,869 107,869 108,868 162,868 164,866 181,866 181,866 181,857 182,856 183,856 184,855 187,855 188,854 997,854 998,853 1866,853 1867,854 1870,854 1871,855 1874,855 1875,856 1878,856 1880,859 1880,865 1881,865 1950,865 1951,866 1952,866 1953,867 1954,867 1955,869 1955,872 1957,873 1958,873 1959,874 1964,874 1965,875 1966,875 1967,876 1968,876 1969,878 1969,881 1968,882 1967,882 1966,883 1956,883 1955,884 1955,888 1954,889 1954,893 1954,893 1953,893 1952,894 1951,894 1950,895 1937,895 1936,896 1935,896 1934,897 1874,897 1872,899 1789,899 1788,900 1787,900 1786,901 1625,901 1624,902 1623,901 1620,901 1619,900 917,900 916,901 889,901 888,902 888,911 887,912 887,913 886,914 881,914 880,915 559,915 558,916"/><TextEquiv index="1"><Unicode>verbo non audeat, tamen re ipsa de suo maleficio confiteri. Cic.—Soe</Unicode></TextEquiv></TextLine><TextLine id="r0_l015"><Coords points="1434,979 1433,978 1431,978 1429,976 1001,976 961,976 960,977 959,977 958,978 737,978 736,979 734,979 733,978 731,978 727,975 727,966 727,965 224,965 223,964 134,964 133,963 114,963 113,962 112,962 111,961 110,961 109,961 109,960 108,959 108,955 107,954 107,942 105,939 104,939 103,939 103,937 102,936 103,935 103,934 104,933 105,933 109,929 109,928 112,925 113,925 114,924 128,924 128,924 128,923 129,922 129,919 131,917 132,917 133,916 135,916 136,917 374,917 375,918 931,918 932,917 933,917 934,916 1050,916 1051,917 1288,917 1289,918 1861,918 1862,917 1863,917 1864,916 1867,916 1868,915 1869,916 1870,916 1871,917 1872,917 1873,919 1873,924 1874,924 1936,924 1937,925 1938,925 1938,926 1938,927 1939,928 1939,929 1940,929 1953,929 1954,930 1956,930 1958,933 1958,934 1960,936 1960,938 1961,939 1961,947 1962,947 1964,947 1966,950 1966,951 1967,952 1967,953 1968,954 1968,961 1967,962 1967,965 1966,966 1966,967 1966,967 1965,967 1964,968 1963,968 1962,969 1734,969 1733,970 1733,971 1731,973 1730,973 1728,975 1512,975 1510,977 1449,977 1448,978 1447,978 1446,979"/><TextEquiv index="1"><Unicode>times it is rendered by an adjective, as in anger, iratus; in haste,</Unicode></TextEquiv></TextLine><TextLine id="r0_l016"><Coords points="1676,1044 1675,1043 1370,1043 1369,1042 1368,1042 1366,1041 1366,1039 1365,1038 1365,1030 1365,1029 808,1029 807,1030 807,1031 806,1032 806,1033 805,1034 805,1035 804,1036 804,1037 804,1037 803,1037 802,1038 802,1039 800,1041 799,1041 798,1042 259,1042 258,1043 257,1043 256,1044 250,1044 249,1043 248,1043 247,1042 104,1042 103,1041 102,1041 101,1041 101,1002 100,1001 101,1000 101,999 102,998 105,998 106,997 107,997 108,996 362,996 362,996 362,987 363,986 363,985 366,982 1041,982 1042,981 1047,981 1048,980 1049,981 1198,981 1199,982 1917,982 1918,981 1922,981 1923,983 1923,988 1924,989 1924,992 1925,992 1964,992 1965,993 1966,993 1967,995 1967,996 1968,997 1968,1006 1969,1007 1969,1018 1968,1019 1968,1020 1967,1021 1966,1021 1965,1022 1951,1022 1950,1023 1947,1023 1946,1024 1937,1024 1936,1025 1927,1025 1926,1026 1885,1026 1884,1027 1841,1027 1840,1028 1839,1028 1838,1029 1688,1029 1687,1030 1687,1041 1686,1042 1685,1042 1684,1043 1683,1043 1682,1044"/><TextEquiv index="1"><Unicode>præceps; in sorrow, tristis, &amp;c. Sometimes by ut, as, Epicurus takes</Unicode></TextEquiv></TextLine><TextLine id="r0_l017"><Coords points="670,1110 668,1108 522,1108 521,1107 206,1107 205,1106 204,1106 203,1105 202,1105 201,1105 201,1103 201,1102 200,1102 199,1102 199,1101 198,1100 198,1093 198,1092 104,1092 102,1091 102,1090 101,1089 101,1063 102,1062 103,1062 104,1061 153,1061 153,1061 153,1059 154,1058 154,1056 155,1055 155,1053 156,1052 157,1052 157,1052 157,1051 160,1048 161,1048 162,1047 163,1047 164,1046 902,1046 903,1045 1155,1045 1156,1044 1157,1044 1158,1043 1159,1044 1160,1044 1161,1045 1592,1045 1593,1046 1625,1046 1628,1050 1628,1062 1629,1062 1650,1062 1654,1067 1654,1068 1655,1069 1655,1080 1656,1080 1664,1080 1668,1085 1668,1089 1665,1092 1663,1092 1662,1093 1601,1093 1600,1094 1383,1094 1382,1095 1382,1101 1381,1102 1381,1103 1380,1104 1380,1105 1380,1105 1379,1105 1378,1106 1377,1106 1376,1107 1362,1107 1361,1106 685,1106 684,1107 683,1107 682,1108 679,1108 678,1109 675,1109 674,1110"/><TextEquiv index="1"><Unicode>refuge in denying. Epicurus illuc confugit, ut neget... Cic.</Unicode></TextEquiv></TextLine><TextLine id="r0_l018"><Coords points="253,1171 252,1170 249,1170 246,1168 246,1167 245,1166 245,1164 244,1163 244,1160 244,1159 235,1159 234,1158 104,1158 103,1157 39,1157 36,1155 36,1132 35,1131 35,1130 34,1129 34,1127 35,1126 35,1125 38,1122 38,1115 39,1114 39,1113 44,1108 48,1108 49,1109 51,1109 54,1113 54,1122 55,1122 125,1122 125,1122 125,1113 126,1112 127,1112 128,1111 129,1111 130,1110 164,1110 166,1108 212,1108 214,1111 214,1112 215,1112 234,1112 236,1115 236,1122 237,1122 277,1122 278,1123 279,1123 280,1125 280,1136 281,1136 426,1136 426,1136 426,1111 428,1109 458,1109 459,1110 478,1110 479,1111 538,1111 539,1112 540,1112 542,1115 542,1117 543,1118 543,1126 544,1126 606,1126 607,1127 763,1127 764,1126 835,1126 836,1125 837,1125 837,1125 837,1115 838,1114 838,1113 840,1111 849,1111 851,1114 851,1116 852,1117 852,1119 853,1119 918,1119 919,1118 933,1118 933,1118 933,1112 934,1111 935,1111 936,1110 939,1110 940,1109 941,1110 942,1110 943,1111 944,1111 944,1112 944,1116 945,1116 1035,1116 1035,1116 1035,1113 1036,1112 1036,1111 1038,1109 1054,1109 1055,1110 1062,1110 1063,1111 1064,1111 1065,1112 1068,1112 1069,1113 1070,1113 1075,1119 1075,1120 1076,1121 1076,1122 1077,1123 1077,1124 1078,1124 1204,1124 1206,1122 1206,1121 1209,1118 1221,1118 1221,1118 1221,1113 1222,1112 1222,1111 1225,1108 1227,1108 1228,1109 1229,1109 1230,1110 1231,1110 1231,1111 1231,1112 1232,1113 1232,1122 1233,1123 1233,1124 1234,1124 1394,1124 1394,1124 1394,1113 1396,1111 1399,1111 1400,1110 1402,1110 1403,1111 1404,1111 1405,1112 1406,1112 1410,1117 1410,1125 1411,1125 1412,1125 1413,1126 1485,1126 1486,1125 1545,1125 1546,1124 1547,1125 1647,1125 1647,1125 1647,1121 1648,1120 1648,1119 1649,1118 1649,1117 1651,1115 1651,1114 1654,1111 1655,1111 1656,1110 1658,1110 1659,1109 1738,1109 1739,1110 1805,1110 1806,1109 1807,1110 1901,1110 1902,1109 1913,1109 1914,1108 1930,1108 1931,1109 1932,1109 1933,1111 1933,1112 1934,1113 1934,1115 1935,1115 1942,1115 1943,1117 1943,1118 1945,1119 1968,1119 1969,1121 1969,1122 1970,1123 1970,1125 1969,1126 1969,1127 1968,1128 1968,1129 1967,1130 1967,1131 1966,1132 1966,1133 1965,1134 1965,1137 1964,1138 1964,1141 1963,1142 1963,1147 1962,1148 1962,1149 1961,1150 1961,1153 1960,1154 1960,1159 1959,1160 1959,1162 1958,1163 1958,1164 1957,1165 1956,1165 1954,1167 1952,1167 1949,1165 1949,1156 1949,1155 1886,1155 1885,1156 1855,1156 1854,1157 1700,1157 1699,1156 1649,1156 1648,1155 1629,1155 1579,1155 1578,1156 1573,1156 1572,1157 1571,1156 1513,1156 1489,1156 1488,1157 1372,1157 1371,1158 1371,1160 1370,1161 1370,1162 1367,1165 1367,1166 1367,1166 1366,1167 1365,1167 1363,1169 1360,1169 1359,1169 1359,1157 1359,1156 1265,1156 1264,1155 1009,1155 1008,1156 926,1156 925,1157 745,1157 744,1158 740,1158 739,1157 670,1157 669,1158 666,1158 665,1159 558,1159 557,1158 480,1158 479,1157 430,1157 429,1156 428,1156 426,1155 426,1154 425,1153 425,1146 425,1145 294,1145 293,1146 293,1155 292,1156 292,1157 292,1157 291,1157 290,1158 268,1158 266,1160 266,1161 265,1162 265,1163 264,1164 264,1165 262,1167 259,1170 256,1170 255,1171"/><TextEquiv index="1"><Unicode>inability.—Phalereus recorde that Demosthenes, because of his inability</Unicode></TextEquiv></TextLine><TextLine id="r0_l019"><Coords points="568,1237 567,1236 528,1236 527,1236 527,1235 526,1234 526,1222 526,1221 478,1221 477,1222 461,1222 460,1223 454,1223 453,1222 384,1222 383,1221 305,1221 281,1221 280,1222 279,1222 278,1223 276,1223 275,1222 190,1222 189,1223 186,1223 185,1224 185,1235 183,1237 177,1237 176,1236 175,1236 173,1235 173,1222 173,1221 117,1221 116,1222 115,1222 114,1221 110,1221 109,1220 108,1220 105,1218 105,1201 102,1198 102,1195 103,1194 103,1193 104,1192 105,1192 106,1191 106,1190 107,1189 107,1188 108,1187 108,1186 110,1184 111,1184 112,1183 113,1184 114,1184 115,1186 115,1190 117,1191 136,1191 137,1192 221,1192 222,1191 223,1192 292,1192 293,1191 412,1191 413,1192 467,1192 467,1192 467,1180 468,1179 468,1178 471,1175 477,1175 478,1176 479,1176 479,1177 479,1179 480,1180 480,1191 481,1191 515,1191 516,1192 517,1192 518,1193 519,1193 521,1196 521,1197 522,1197 563,1197 563,1197 563,1195 566,1192 595,1192 596,1191 602,1191 603,1192 670,1192 670,1192 670,1191 671,1190 671,1189 672,1188 672,1187 673,1186 673,1185 674,1184 675,1184 676,1183 689,1183 689,1183 689,1179 692,1176 693,1176 694,1175 695,1176 698,1176 698,1177 698,1178 699,1179 699,1191 700,1191 741,1191 742,1190 764,1190 764,1190 764,1179 765,1178 765,1177 766,1176 767,1176 768,1175 808,1175 809,1174 815,1174 816,1175 817,1175 817,1176 817,1178 818,1179 818,1190 819,1190 897,1190 897,1190 897,1178 900,1175 907,1175 908,1176 910,1176 910,1177 910,1178 911,1179 911,1180 913,1181 962,1181 962,1181 962,1178 963,1177 963,1176 964,1175 965,1175 966,1174 995,1174 996,1173 1035,1173 1036,1172 1040,1172 1041,1173 1042,1173 1043,1174 1044,1174 1044,1175 1044,1176 1045,1177 1045,1188 1046,1188 1104,1188 1104,1188 1104,1176 1106,1174 1107,1174 1108,1173 1110,1173 1111,1174 1114,1174 1115,1176 1115,1177 1116,1178 1116,1180 1117,1181 1117,1185 1118,1186 1118,1188 1119,1188 1244,1188 1244,1188 1244,1175 1245,1174 1246,1174 1247,1173 1249,1173 1250,1172 1251,1173 1254,1173 1255,1175 1255,1176 1256,1177 1256,1180 1257,1180 1316,1180 1316,1180 1316,1177 1317,1176 1317,1175 1318,1174 1319,1174 1320,1173 1326,1173 1327,1174 1359,1174 1361,1177 1361,1178 1362,1179 1362,1189 1363,1189 1402,1189 1403,1190 1462,1190 1462,1190 1462,1178 1465,1175 1491,1175 1492,1174 1498,1174 1499,1175 1500,1175 1501,1177 1501,1178 1502,1179 1502,1182 1503,1182 1540,1182 1541,1183 1542,1183 1543,1185 1543,1189 1544,1189 1562,1189 1563,1190 1568,1190 1570,1192 1608,1192 1608,1192 1608,1177 1610,1175 1611,1175 1612,1174 1616,1174 1617,1175 1619,1175 1621,1178 1621,1189 1622,1189 1715,1189 1715,1189 1715,1179 1718,1176 1719,1176 1720,1175 1751,1175 1752,1174 1756,1174 1757,1175 1758,1175 1759,1176 1760,1176 1760,1177 1760,1178 1761,1179 1761,1180 1762,1181 1762,1190 1763,1190 1812,1190 1816,1186 1817,1186 1817,1186 1817,1185 1819,1183 1821,1183 1822,1182 1824,1185 1824,1189 1825,1189 1826,1189 1827,1190 1881,1190 1882,1189 1883,1189 1883,1189 1883,1176 1884,1175 1885,1175 1886,1174 1888,1174 1889,1175 1892,1175 1893,1176 1894,1176 1894,1177 1894,1178 1895,1179 1895,1180 1896,1181 1896,1188 1897,1188 1945,1188 1946,1187 1958,1187 1960,1185 1961,1185 1962,1184 1963,1185 1964,1185 1965,1186 1966,1186 1966,1187 1966,1188 1968,1190 1968,1191 1969,1192 1969,1206 1968,1207 1968,1208 1967,1209 1967,1210 1966,1211 1966,1212 1966,1212 1965,1212 1964,1213 1963,1213 1962,1214 1950,1214 1948,1216 1947,1216 1946,1217 1915,1217 1914,1218 1887,1218 1886,1219 1843,1219 1842,1220 1759,1220 1758,1221 1622,1221 1621,1220 1614,1220 1612,1219 1612,1218 1612,1217 1581,1217 1571,1217 1570,1218 1569,1218 1568,1219 1567,1219 1566,1220 1545,1220 1544,1221 1538,1221 1537,1220 1536,1220 1535,1219 1493,1219 1492,1220 1485,1220 1484,1221 1448,1221 1447,1220 1370,1220 1369,1219 1241,1219 1240,1220 1240,1227 1239,1228 1239,1229 1238,1230 1238,1231 1236,1233 1235,1233 1234,1234 1231,1234 1230,1235 1226,1235 1225,1234 1224,1234 1223,1233 1220,1233 1219,1232 1217,1232 1214,1230 1214,1228 1213,1227 1213,1220 1213,1219 1119,1219 1118,1220 1117,1219 1007,1219 1006,1220 956,1220 955,1221 954,1221 953,1222 951,1222 950,1221 769,1221 743,1221 742,1222 657,1222 656,1223 655,1222 583,1222 582,1223 581,1223 579,1225 579,1236 578,1237"/><TextEquiv index="1"><Unicode>to pronounce rho, practised hard till he brought himself to be able to de n</Unicode></TextEquiv></TextLine><TextLine id="r0_l020"><Coords points="372,1304 371,1304 371,1303 371,1302 107,1302 106,1301 102,1301 99,1299 100,1298 100,1259 101,1258 101,1257 102,1256 104,1256 105,1255 131,1255 131,1255 131,1243 132,1242 132,1241 133,1240 134,1240 135,1239 359,1239 360,1238 361,1239 960,1239 962,1237 963,1237 964,1236 966,1236 967,1237 1026,1237 1028,1239 1738,1239 1739,1238 1949,1238 1949,1238 1949,1237 1950,1236 1951,1236 1952,1235 1954,1235 1955,1237 1955,1257 1956,1257 1968,1257 1971,1261 1970,1262 1970,1266 1968,1268 1958,1268 1957,1269 1957,1279 1957,1279 1956,1279 1955,1280 1944,1280 1942,1282 1941,1282 1940,1283 1903,1283 1902,1284 1789,1284 1788,1285 1701,1285 1700,1286 1700,1297 1699,1298 1686,1298 1685,1297 1684,1297 1683,1297 1683,1286 1683,1285 935,1285 934,1286 843,1286 842,1287 737,1287 736,1288 736,1304 736,1304"/><TextEquiv index="1"><Unicode>plainly. Demosthenem scribit Phalereus cum ao dicere nequiret erei</Unicode></TextEquiv></TextLine><TextLine id="r0_l021"><Coords points="1029,1366 1029,1351 1029,1350 661,1350 660,1351 576,1351 575,1352 575,1361 574,1362 574,1363 574,1363 571,1363 570,1364 563,1364 559,1361 559,1353 559,1352 220,1352 219,1351 114,1351 113,1350 112,1350 111,1349 110,1349 107,1347 107,1329 106,1327 104,1327 103,1327 103,1322 106,1319 107,1319 108,1318 109,1318 109,1318 109,1317 110,1316 110,1315 111,1314 113,1314 114,1313 160,1313 162,1311 177,1311 177,1311 177,1308 180,1305 309,1305 310,1304 882,1304 883,1303 1105,1303 1106,1302 1108,1302 1109,1301 1444,1301 1445,1302 1934,1302 1934,1303 1934,1304 1935,1305 1935,1310 1936,1310 1944,1310 1946,1312 1970,1312 1970,1313 1970,1314 1971,1315 1971,1317 1968,1320 1968,1321 1966,1323 1966,1329 1965,1330 1965,1333 1964,1334 1964,1343 1963,1344 1963,1353 1962,1354 1962,1355 1961,1356 1961,1357 1960,1358 1957,1358 1956,1359 1653,1359 1652,1360 1652,1361 1652,1361 1651,1361 1649,1363 1414,1363 1413,1362 1412,1362 1410,1361 1410,1351 1410,1350 1031,1350 1030,1351 1030,1366 1030,1366"/><TextEquiv index="1"><Unicode>tatione fecisse ut planissime diceret. Cic.—Perplexed by his inability</Unicode></TextEquiv></TextLine><TextLine id="r0_l022"><Coords points="793,1429 790,1429 789,1428 788,1428 787,1428 787,1427 786,1426 786,1417 786,1416 456,1416 455,1415 246,1415 235,1415 234,1416 209,1416 208,1415 110,1415 107,1413 107,1412 106,1411 106,1410 105,1409 105,1393 105,1392 104,1392 103,1391 102,1391 101,1391 101,1387 102,1386 102,1385 104,1383 105,1383 106,1382 106,1381 109,1378 109,1377 110,1376 111,1376 112,1375 183,1375 183,1375 183,1371 184,1370 185,1370 186,1369 191,1369 192,1368 193,1369 194,1369 195,1370 414,1370 416,1368 418,1368 419,1367 420,1368 597,1368 598,1369 819,1369 820,1368 821,1368 822,1367 1027,1367 1028,1366 1222,1366 1223,1365 1224,1366 1254,1366 1255,1367 1611,1367 1612,1366 1619,1366 1621,1369 1621,1370 1622,1371 1622,1382 1623,1382 1646,1382 1647,1383 1648,1383 1649,1384 1650,1384 1654,1389 1654,1392 1655,1393 1655,1400 1656,1400 1660,1400 1661,1401 1663,1401 1664,1402 1665,1402 1665,1403 1665,1404 1666,1405 1666,1409 1665,1410 1665,1412 1663,1414 1594,1414 1593,1413 1058,1413 1009,1413 1008,1414 803,1414 801,1416 801,1427 800,1428 800,1429 800,1429 795,1429 794,1430"/><TextEquiv index="1"><Unicode>to discover the truth. Inopia veri victus. Tac.—See unable.</Unicode></TextEquiv></TextLine><TextLine id="r0_l023"><Coords points="35,1431 899,1431 899,1492 35,1492"/><TextEquiv index="1"><Unicode>inaccessible. Invius, ĭnaccessus.</Unicode></TextEquiv></TextLine><TextLine id="r0_l024"><Coords points="1093,1557 1087,1557 1086,1556 1084,1556 1083,1555 497,1555 496,1556 496,1557 496,1557 491,1557 490,1558 484,1558 482,1556 303,1556 302,1555 300,1555 297,1553 297,1552 296,1551 296,1550 295,1549 295,1545 295,1544 138,1544 137,1543 62,1543 61,1542 40,1542 39,1541 38,1541 35,1539 35,1516 34,1515 34,1513 35,1512 35,1511 37,1509 39,1509 40,1508 40,1497 42,1495 43,1495 44,1494 48,1494 49,1495 50,1495 52,1497 739,1497 740,1496 869,1496 870,1495 1009,1495 1010,1494 1057,1494 1057,1494 1057,1493 1058,1492 1076,1492 1077,1493 1317,1493 1318,1494 1319,1494 1320,1496 1320,1497 1321,1498 1321,1501 1322,1501 1614,1501 1615,1502 1616,1502 1616,1503 1616,1506 1617,1507 1617,1508 1618,1508 1720,1508 1721,1509 1728,1509 1729,1510 1777,1510 1778,1511 1779,1511 1780,1512 1781,1512 1781,1513 1781,1530 1782,1530 1791,1530 1791,1531 1791,1532 1792,1533 1792,1534 1793,1535 1793,1539 1790,1542 1639,1542 1637,1544 1637,1545 1636,1546 1636,1547 1636,1547 1635,1547 1634,1548 1632,1550 1632,1551 1630,1553 1104,1553 1100,1557 1095,1557 1094,1558"/><TextEquiv index="1"><Unicode>inaccuracy, of a person. Incūria, indīlĭgentia; of a statement, error.</Unicode></TextEquiv></TextLine><TextLine id="r0_l025"><Coords points="478,1622 477,1621 474,1621 473,1620 324,1620 321,1618 321,1608 321,1607 138,1607 137,1606 98,1606 97,1605 38,1605 35,1603 35,1602 34,1601 34,1600 35,1599 35,1575 38,1572 38,1563 39,1562 39,1561 42,1558 43,1558 44,1557 48,1557 49,1558 50,1558 52,1560 720,1560 721,1559 1477,1559 1478,1558 1482,1558 1483,1559 1485,1559 1486,1561 1486,1562 1487,1563 1487,1573 1488,1573 1918,1573 1918,1573 1918,1569 1919,1568 1919,1565 1920,1564 1920,1563 1922,1561 1923,1561 1928,1556 1934,1556 1935,1557 1936,1557 1937,1558 1938,1558 1939,1559 1942,1559 1943,1560 1944,1560 1944,1561 1944,1569 1945,1569 1968,1569 1969,1570 1970,1570 1970,1571 1970,1572 1971,1573 1971,1591 1970,1592 1970,1593 1967,1596 1967,1597 1966,1598 1965,1598 1964,1599 1933,1599 1932,1600 1931,1600 1930,1601 1929,1601 1928,1602 1854,1602 1852,1604 1851,1604 1850,1605 1783,1605 1782,1606 1781,1606 1780,1607 1631,1607 1630,1608 1630,1617 1628,1619 1392,1619 1391,1618 986,1618 985,1617 984,1617 983,1617 983,1616 982,1615 982,1609 982,1608 491,1608 490,1609 490,1619 488,1621 485,1621 484,1622"/><TextEquiv index="1"><Unicode>inaccurate, of a person. Incūriōsus; of a statement, falsus, perversus.—See</Unicode></TextEquiv></TextLine><TextLine id="r0_l026"><Coords points="98,1624 223,1624 223,1673 98,1673"/><TextEquiv index="1"><Unicode>false.</Unicode></TextEquiv></TextLine><TextLine id="r0_l027"><Coords points="858,1764 857,1763 856,1763 855,1762 854,1762 852,1761 852,1760 851,1759 851,1747 851,1746 349,1746 348,1745 347,1745 346,1744 345,1744 344,1744 344,1743 343,1742 343,1734 343,1733 66,1733 65,1732 44,1732 43,1731 38,1731 36,1730 36,1728 35,1727 35,1701 36,1700 37,1700 38,1699 38,1693 39,1692 39,1687 42,1684 48,1684 49,1685 335,1685 336,1686 739,1686 740,1687 1275,1687 1276,1686 1412,1686 1413,1687 1414,1687 1415,1689 1415,1690 1416,1691 1416,1701 1417,1701 1458,1701 1459,1702 1461,1702 1463,1704 1464,1704 1467,1708 1467,1710 1468,1711 1468,1713 1469,1714 1469,1720 1470,1720 1476,1720 1477,1721 1479,1721 1480,1722 1481,1722 1481,1723 1481,1724 1482,1725 1482,1727 1481,1728 1481,1730 1480,1731 1480,1732 1480,1732 1479,1732 1478,1733 1385,1733 1384,1734 1338,1734 1337,1735 1337,1737 1336,1738 1336,1739 1333,1742 1333,1743 1333,1743 1332,1743 1331,1744 1328,1744 1327,1745 1303,1745 1301,1747 1298,1747 1297,1748 874,1748 873,1749 873,1751 872,1752 872,1757 871,1758 871,1759 870,1760 870,1761 868,1763 867,1763 866,1764"/><TextEquiv index="1"><Unicode>inaccurately. Incuriōse, indiligenter; i. e. falsely, falso.</Unicode></TextEquiv></TextLine><TextLine id="r0_l028"><Coords points="838,1816 837,1816 837,1815 837,1814 583,1814 582,1813 186,1813 185,1812 42,1812 41,1812 41,1796 41,1795 36,1795 35,1795 35,1794 34,1793 34,1792 33,1791 34,1790 34,1766 35,1765 35,1764 36,1763 37,1763 38,1762 38,1753 39,1752 39,1751 42,1748 666,1748 666,1748 666,1746 668,1744 688,1744 689,1745 692,1745 692,1746 692,1750 693,1750 732,1750 733,1751 1463,1751 1464,1750 1833,1750 1834,1749 1836,1749 1837,1750 1838,1750 1838,1751 1838,1752 1839,1753 1839,1764 1840,1764 1864,1764 1865,1765 1868,1765 1870,1768 1870,1782 1871,1782 1880,1782 1881,1783 1882,1783 1883,1785 1883,1786 1884,1787 1884,1791 1884,1791 1883,1791 1882,1792 1881,1792 1880,1793 1865,1793 1864,1794 1847,1794 1846,1795 1845,1795 1844,1796 1819,1796 1818,1797 1771,1797 1770,1798 1608,1798 1607,1799 1289,1799 1288,1800 1288,1801 1287,1802 1287,1803 1286,1804 1286,1805 1285,1806 1285,1807 1284,1808 1283,1808 1282,1809 1281,1809 1280,1810 1277,1810 1276,1811 1127,1811 1126,1812 1113,1812 1112,1813 846,1813 845,1814 845,1816 845,1816"/><TextEquiv index="1"><Unicode>inaction, inactivity. Otium, ĭnertia, segnĭties, ceasātio.—See idlenes.</Unicode></TextEquiv></TextLine><TextLine id="r0_l029"><Coords points="780,1876 779,1875 778,1875 774,1871 690,1871 689,1870 532,1870 531,1869 530,1869 529,1869 529,1864 529,1863 358,1863 357,1862 267,1862 266,1861 166,1861 165,1860 116,1860 115,1859 36,1859 33,1857 33,1856 32,1855 33,1854 33,1829 36,1826 37,1826 37,1826 37,1815 40,1812 49,1812 50,1813 348,1813 348,1813 348,1810 350,1808 370,1808 371,1809 374,1809 374,1810 374,1814 375,1814 585,1814 585,1815 585,1816 586,1817 586,1829 587,1829 837,1829 837,1829 837,1817 838,1816 846,1816 846,1817 846,1818 847,1819 847,1829 848,1829 862,1829 863,1830 864,1830 865,1831 867,1831 868,1832 872,1832 872,1833 872,1834 873,1835 873,1848 874,1848 882,1848 883,1849 885,1849 887,1852 887,1859 886,1860 886,1861 886,1861 884,1861 883,1862 800,1862 799,1863 799,1871 798,1872 798,1873 798,1873 797,1873 796,1874 795,1874 794,1875 793,1875 792,1876"/><TextEquiv index="1"><Unicode>inactive. Otiōsus, ĭnes, segnis.</Unicode></TextEquiv></TextLine><TextLine id="r0_l030"><Coords points="43,1939 43,1923 43,1922 42,1922 41,1922 40,1921 40,1920 39,1919 39,1899 39,1898 38,1898 37,1897 36,1897 35,1897 35,1896 34,1895 34,1891 35,1890 35,1889 36,1888 37,1888 38,1887 39,1887 42,1884 42,1883 43,1882 43,1881 44,1880 110,1880 110,1880 110,1879 112,1877 113,1877 114,1876 119,1876 120,1875 121,1876 346,1876 347,1877 348,1877 349,1878 350,1878 351,1879 672,1879 673,1880 675,1880 675,1881 675,1882 676,1883 676,1914 677,1914 696,1914 697,1915 698,1915 698,1916 698,1918 699,1919 699,1921 698,1922 698,1924 696,1926 695,1926 694,1927 692,1927 691,1926 469,1926 428,1926 427,1927 425,1927 424,1926 400,1926 399,1925 160,1925 159,1924 48,1924 47,1923 45,1923 44,1924 44,1939 44,1939"/><TextEquiv index="1"><Unicode>to be inactive. Cesso 1.</Unicode></TextEquiv></TextLine><TextLine id="r0_l031"><Coords points="1295,2005 1294,2004 555,2004 502,2004 501,2005 495,2005 494,2004 320,2004 317,2001 202,2001 201,2000 200,2000 199,2000 199,1989 199,1988 116,1988 115,1987 60,1987 59,1986 36,1986 34,1985 34,1984 33,1983 33,1956 36,1953 38,1953 38,1953 38,1941 39,1940 39,1939 40,1938 43,1938 44,1939 47,1939 48,1940 142,1940 143,1941 148,1941 149,1942 714,1942 714,1942 714,1939 713,1938 713,1935 714,1934 714,1933 715,1932 716,1932 717,1931 733,1931 734,1930 738,1930 738,1931 738,1932 739,1933 739,1942 740,1942 780,1942 781,1943 1407,1943 1408,1942 1423,1942 1424,1941 1756,1941 1757,1942 1800,1942 1801,1943 1802,1943 1803,1945 1803,1946 1804,1947 1804,1954 1805,1954 1902,1954 1903,1955 1904,1955 1905,1957 1905,1972 1906,1972 1913,1972 1914,1973 1916,1973 1917,1975 1917,1976 1918,1977 1917,1978 1917,1981 1915,1983 1913,1983 1912,1984 1896,1984 1893,1987 1893,1991 1892,1992 1892,1995 1891,1996 1891,1997 1888,2000 1884,2000 1880,1997 1880,1996 1879,1995 1879,1991 1879,1990 1312,1990 1311,1991 1308,1991 1307,1992 1307,2004 1307,2004 1306,2004 1305,2005"/><TextEquiv index="1"><Unicode>inadequacy of supplies. Inŏpia.—Of numbers, paucĭtas.—See deficiency.</Unicode></TextEquiv></TextLine><TextLine id="r0_l032"><Coords points="1140,2071 1139,2070 1138,2070 1137,2069 1134,2069 1133,2068 1132,2068 1131,2067 1130,2067 1129,2067 1129,2066 1128,2065 1128,2064 1127,2063 1127,2056 1127,2055 582,2055 581,2056 512,2056 511,2057 511,2067 510,2068 510,2069 510,2069 498,2069 495,2066 199,2066 197,2065 197,2054 197,2053 98,2053 97,2052 74,2052 73,2051 36,2051 35,2050 34,2050 32,2049 32,2048 31,2047 32,2046 32,2045 33,2044 33,2019 34,2018 35,2018 36,2017 36,2007 37,2006 37,2005 38,2004 39,2004 40,2003 43,2003 44,2002 45,2003 48,2003 48,2004 48,2005 50,2006 146,2006 147,2007 148,2007 150,2009 719,2009 720,2008 761,2008 762,2007 763,2007 764,2006 765,2007 985,2007 986,2008 1581,2008 1582,2007 1789,2007 1790,2006 1791,2006 1792,2005 1920,2005 1922,2003 1923,2003 1924,2002 1928,2002 1929,2003 1930,2003 1931,2004 1932,2004 1932,2005 1932,2015 1933,2015 1948,2015 1949,2016 1952,2016 1954,2019 1954,2020 1955,2021 1955,2024 1958,2026 1966,2026 1968,2029 1968,2030 1969,2031 1969,2035 1967,2037 1956,2037 1955,2038 1955,2039 1954,2040 1954,2041 1954,2041 1953,2041 1952,2042 1952,2043 1950,2045 1931,2045 1930,2046 1923,2046 1922,2047 1905,2047 1904,2048 1883,2048 1882,2049 1856,2049 1855,2050 1815,2050 1814,2051 1809,2051 1808,2052 1799,2052 1798,2053 1765,2053 1764,2054 1764,2059 1762,2061 1762,2063 1761,2064 1761,2065 1761,2065 1759,2065 1758,2066 1757,2066 1756,2067 1751,2067 1750,2068 1744,2068 1743,2067 1742,2067 1739,2065 1739,2064 1739,2063 1274,2063 1272,2065 1271,2065 1270,2066 1270,2067 1268,2069 1144,2069 1142,2071"/><TextEquiv index="1"><Unicode>inadequate. Impar.—The consul being very old, and of strength inade</Unicode></TextEquiv></TextLine><TextLine id="r0_l033"><Coords points="528,2133 527,2132 523,2132 522,2131 114,2131 113,2130 112,2130 110,2129 110,2118 110,2117 108,2117 107,2116 106,2116 105,2115 104,2115 103,2114 102,2114 100,2113 100,2112 99,2111 99,2109 98,2108 98,2102 97,2101 98,2100 98,2098 99,2097 99,2096 101,2094 101,2093 106,2088 107,2088 108,2087 191,2087 193,2085 193,2084 195,2082 195,2081 196,2080 355,2080 355,2080 355,2077 356,2076 356,2075 358,2073 359,2073 360,2072 635,2072 636,2071 637,2071 638,2070 640,2070 641,2071 1522,2071 1526,2076 1526,2078 1527,2078 1829,2078 1830,2079 1962,2079 1963,2080 1964,2080 1964,2081 1964,2082 1966,2084 1966,2085 1967,2086 1967,2100 1968,2101 1968,2104 1969,2105 1968,2106 1968,2107 1966,2109 1921,2109 1920,2110 1920,2111 1920,2111 1905,2111 1904,2112 1879,2112 1878,2113 1878,2115 1877,2116 1877,2119 1876,2120 1876,2121 1876,2121 1875,2121 1874,2122 1874,2123 1870,2127 1666,2127 1665,2128 1665,2129 1665,2129 1663,2129 1661,2131 1657,2131 1656,2132 1648,2132 1647,2131 1645,2131 1640,2127 1640,2124 1639,2123 1639,2120 1639,2119 1164,2119 1163,2120 1163,2121 1162,2122 1162,2123 1161,2124 1161,2125 1161,2125 1160,2125 1156,2129 1154,2129 1151,2127 1151,2120 1151,2119 545,2119 544,2120 544,2123 543,2124 543,2128 542,2129 542,2130 540,2132 535,2132 534,2133"/><TextEquiv index="1"><Unicode>quate to discharge the duties of consul, dies. Consul magno natu, non</Unicode></TextEquiv></TextLine><TextLine id="r0_l034"><Coords points="288,2201 287,2201 287,2183 287,2182 256,2182 255,2183 212,2183 211,2182 125,2182 113,2182 112,2183 106,2183 105,2182 100,2182 99,2181 98,2181 97,2181 97,2180 96,2179 96,2159 97,2158 97,2157 99,2155 102,2152 103,2152 104,2151 156,2151 156,2151 156,2150 157,2149 157,2146 158,2145 158,2144 159,2143 159,2142 162,2139 163,2139 164,2138 165,2138 166,2137 167,2137 168,2136 186,2136 187,2137 231,2137 232,2136 238,2136 238,2137 238,2138 239,2139 239,2152 240,2152 286,2152 287,2151 307,2151 307,2151 307,2149 308,2148 308,2147 311,2144 325,2144 325,2144 325,2141 326,2140 326,2139 328,2137 348,2137 349,2138 351,2138 352,2140 352,2142 353,2143 353,2152 354,2152 376,2152 377,2153 414,2153 415,2154 458,2154 459,2153 459,2143 460,2142 460,2141 462,2139 463,2139 464,2138 466,2138 467,2139 468,2139 469,2141 469,2152 470,2152 608,2152 608,2152 608,2140 610,2138 611,2138 612,2137 650,2137 651,2136 668,2136 669,2137 672,2137 675,2141 675,2151 676,2151 738,2151 739,2152 783,2152 784,2151 786,2151 787,2150 819,2150 819,2150 819,2140 820,2139 820,2138 822,2136 823,2136 824,2135 828,2135 829,2136 832,2136 833,2138 833,2139 834,2140 834,2153 835,2153 880,2153 881,2152 902,2152 903,2151 923,2151 924,2150 926,2150 927,2151 940,2151 941,2152 1002,2152 1002,2152 1002,2139 1003,2138 1003,2137 1004,2136 1005,2136 1006,2135 1007,2136 1014,2136 1014,2137 1014,2138 1015,2139 1015,2151 1016,2151 1071,2151 1071,2151 1071,2141 1072,2140 1072,2139 1074,2137 1078,2137 1080,2140 1080,2151 1081,2151 1100,2151 1101,2152 1103,2152 1104,2153 1147,2153 1148,2152 1157,2152 1158,2151 1194,2151 1195,2150 1213,2150 1214,2151 1283,2151 1284,2150 1285,2151 1316,2151 1317,2152 1320,2152 1321,2153 1322,2153 1324,2155 1367,2155 1369,2153 1370,2153 1371,2152 1372,2152 1373,2151 1388,2151 1388,2151 1388,2139 1389,2138 1389,2137 1390,2136 1391,2136 1392,2135 1398,2135 1399,2136 1400,2136 1402,2139 1402,2148 1403,2149 1403,2150 1404,2150 1434,2150 1435,2151 1465,2151 1466,2152 1521,2152 1522,2151 1523,2151 1524,2150 1524,2139 1525,2138 1525,2137 1526,2136 1527,2136 1528,2135 1534,2135 1537,2139 1537,2140 1538,2141 1538,2149 1539,2149 1554,2149 1555,2150 1560,2150 1561,2151 1562,2151 1563,2152 1564,2152 1564,2153 1564,2154 1565,2155 1565,2156 1566,2157 1566,2158 1567,2159 1567,2170 1568,2170 1579,2170 1580,2171 1582,2171 1584,2173 1624,2173 1624,2173 1624,2155 1625,2154 1625,2153 1628,2150 1646,2150 1647,2151 1725,2151 1725,2151 1725,2141 1726,2140 1726,2139 1727,2138 1727,2137 1728,2136 1730,2136 1731,2135 1732,2136 1734,2136 1736,2139 1736,2147 1737,2147 1750,2147 1753,2150 1806,2150 1807,2151 1808,2151 1809,2152 1810,2152 1810,2153 1810,2158 1811,2158 1871,2158 1872,2157 1891,2157 1892,2156 1925,2156 1926,2155 1933,2155 1933,2155 1933,2133 1934,2132 1934,2131 1936,2129 1943,2129 1944,2128 1967,2128 1968,2127 1970,2127 1971,2128 1972,2128 1973,2130 1973,2132 1974,2133 1974,2135 1973,2136 1973,2137 1972,2138 1971,2138 1970,2139 1970,2147 1969,2148 1969,2171 1968,2172 1951,2172 1950,2173 1936,2173 1935,2173 1935,2165 1935,2164 1887,2164 1886,2165 1861,2165 1860,2166 1820,2166 1819,2167 1819,2177 1817,2179 1816,2179 1815,2180 1753,2180 1752,2181 1715,2181 1714,2182 1714,2183 1714,2183 1713,2182 1704,2182 1703,2181 1588,2181 1587,2182 1587,2183 1586,2184 1586,2186 1585,2187 1585,2189 1583,2191 1582,2191 1581,2192 1580,2192 1579,2193 1578,2193 1577,2194 1576,2193 1575,2193 1574,2193 1574,2183 1574,2182 1540,2182 1539,2181 1413,2181 1412,2182 1409,2182 1408,2183 1407,2182 1396,2182 1395,2181 1373,2181 1372,2180 1328,2180 1327,2181 1323,2181 1322,2182 1264,2182 1263,2181 1218,2181 1217,2182 1184,2182 1183,2181 1110,2181 1109,2182 965,2182 964,2183 960,2183 959,2182 884,2182 883,2183 877,2183 876,2182 802,2182 801,2181 763,2181 741,2181 740,2182 737,2182 736,2183 735,2182 647,2182 621,2182 620,2183 606,2183 605,2182 590,2182 589,2181 545,2181 544,2182 543,2182 542,2183 469,2183 468,2184 468,2188 467,2189 467,2190 466,2191 466,2193 463,2196 462,2196 461,2197 460,2197 459,2198 455,2198 451,2195 451,2184 451,2183 417,2183 416,2184 408,2184 407,2183 359,2183 358,2184 357,2183 314,2183 313,2184 312,2183 310,2183 309,2182 291,2182 290,2183 290,2201 290,2201"/><TextEquiv index="1"><Unicode>sufficientibus jam viribus ad consularia munera obeunda, moritur.—If</Unicode></TextEquiv></TextLine><TextLine id="r0_l035"><Coords points="1263,2262 1262,2261 1258,2261 1257,2260 841,2260 840,2261 835,2261 834,2262 832,2262 831,2261 101,2261 100,2260 99,2260 98,2260 98,2218 101,2215 103,2215 104,2214 182,2214 182,2214 182,2205 183,2204 183,2203 184,2202 185,2202 186,2201 292,2201 293,2202 453,2202 454,2203 456,2203 457,2205 457,2206 458,2206 1240,2206 1240,2206 1240,2202 1241,2201 1242,2201 1243,2200 1289,2200 1290,2199 1791,2199 1792,2198 1953,2198 1953,2198 1953,2193 1956,2190 1962,2190 1963,2191 1964,2191 1965,2193 1965,2196 1966,2197 1966,2229 1968,2231 1968,2232 1969,2233 1969,2234 1968,2235 1968,2236 1968,2236 1967,2236 1966,2237 1942,2237 1941,2238 1901,2238 1900,2239 1899,2239 1898,2240 1897,2240 1896,2241 1874,2241 1873,2242 1857,2242 1856,2243 1833,2243 1832,2244 1815,2244 1814,2245 1687,2245 1686,2246 1491,2246 1490,2247 1489,2247 1488,2248 1373,2248 1372,2249 1372,2250 1370,2252 1370,2253 1369,2254 1369,2256 1368,2257 1368,2258 1367,2259 1367,2260 1367,2260 1366,2260 1365,2261 1364,2261 1363,2262"/><TextEquiv index="1"><Unicode>praise is inadequate to tempt you to act rightly. Si te laus allicere ad</Unicode></TextEquiv></TextLine><TextLine id="r0_l036"><Coords points="96,2264 956,2264 956,2327 96,2327"/><TextEquiv index="1"><Unicode>recte faciendum non potest. Cc.</Unicode></TextEquiv></TextLine><TextLine id="r0_l037"><Coords points="32,2327 903,2327 903,2389 32,2389"/><TextEquiv index="1"><Unicode>inadequately. Părum, vix sătis.</Unicode></TextEquiv></TextLine><TextLine id="r0_l038"><Coords points="32,2391 1339,2391 1339,2453 32,2453"/><TextEquiv index="1"><Unicode>to be inadequate. Defĭcio, 3; non sufficio. Liv.</Unicode></TextEquiv></TextLine><TextLine id="r0_l039"><Coords points="553,2517 550,2517 549,2516 548,2516 545,2514 545,2513 544,2512 544,2505 544,2504 284,2504 283,2503 132,2503 131,2502 113,2502 112,2501 80,2501 79,2500 34,2500 33,2499 32,2499 31,2499 31,2475 30,2474 30,2469 32,2467 33,2467 34,2466 35,2466 35,2466 35,2457 36,2456 36,2455 38,2453 45,2453 47,2455 144,2455 145,2456 148,2456 149,2457 749,2457 750,2456 751,2457 754,2457 754,2458 754,2459 755,2460 755,2472 756,2472 776,2472 777,2473 778,2473 779,2474 780,2474 782,2477 782,2489 785,2491 794,2491 795,2492 796,2492 797,2493 798,2493 798,2494 798,2502 798,2502 797,2502 796,2503 795,2503 794,2504 563,2504 562,2505 562,2516 561,2517 555,2517 554,2518"/><TextEquiv index="1"><Unicode>inadvertence. Imprūdentis.</Unicode></TextEquiv></TextLine><TextLine id="r0_l040"><Coords points="1227,2582 1226,2581 1068,2581 1067,2580 1064,2580 1063,2580 1063,2579 1063,2578 812,2578 809,2581 806,2581 803,2579 803,2568 803,2567 585,2567 584,2568 581,2568 580,2569 580,2579 579,2580 579,2581 578,2582 566,2582 565,2581 381,2581 376,2577 376,2568 376,2567 202,2567 201,2566 171,2566 170,2565 94,2565 93,2564 34,2564 31,2562 31,2561 30,2560 30,2559 31,2558 31,2534 34,2531 34,2522 35,2521 35,2520 38,2517 39,2517 40,2516 44,2516 45,2517 46,2517 47,2518 136,2518 137,2519 145,2519 146,2520 368,2520 369,2521 659,2521 660,2520 850,2520 851,2519 853,2519 854,2520 855,2520 855,2521 855,2526 856,2526 1164,2526 1164,2526 1164,2524 1165,2523 1165,2522 1166,2521 1166,2520 1167,2519 1168,2519 1169,2518 1172,2518 1173,2519 1326,2519 1327,2520 1426,2520 1427,2521 1611,2521 1612,2522 1637,2522 1640,2526 1640,2537 1641,2537 1662,2537 1663,2538 1664,2538 1666,2541 1666,2542 1667,2543 1667,2548 1668,2549 1668,2557 1669,2557 1676,2557 1677,2558 1678,2558 1680,2561 1680,2565 1679,2566 1679,2567 1677,2569 1658,2569 1657,2570 1654,2570 1653,2569 1243,2569 1242,2570 1242,2579 1240,2581 1237,2581 1236,2582"/><TextEquiv index="1"><Unicode>inadvertently. Imprudenter, incaute, per imprudentiam. Cic.</Unicode></TextEquiv></TextLine><TextLine id="r0_l041"><Coords points="586,2642 585,2642 585,2634 585,2633 442,2633 441,2632 436,2632 435,2631 218,2631 217,2630 177,2630 176,2629 92,2629 91,2628 32,2628 29,2626 29,2625 28,2624 28,2623 29,2622 29,2598 32,2595 32,2586 33,2585 33,2584 36,2581 37,2581 38,2580 42,2580 43,2581 150,2581 151,2582 155,2582 156,2583 303,2583 304,2584 307,2584 308,2585 722,2585 723,2584 723,2583 724,2582 726,2582 727,2583 742,2583 743,2584 770,2584 771,2585 772,2585 773,2586 774,2586 774,2587 774,2588 775,2589 775,2598 776,2598 794,2598 795,2599 798,2599 799,2601 799,2602 800,2603 800,2618 802,2619 812,2619 813,2621 813,2622 814,2623 814,2624 815,2625 815,2627 814,2628 814,2631 814,2631 813,2631 812,2632 597,2632 596,2633 596,2636 593,2639 593,2640 592,2641 592,2642 592,2642"/><TextEquiv index="1"><Unicode>inalienable. Certus, stăbĭlis.</Unicode></TextEquiv></TextLine><TextLine id="r0_l042"><Coords points="31,2644 903,2644 903,2709 31,2709"/><TextEquiv index="1"><Unicode>inalienably. Certo, in æternum.</Unicode></TextEquiv></TextLine><TextLine id="r0_l043"><Coords points="384,2771 380,2771 379,2770 378,2770 377,2770 377,2769 376,2768 376,2767 375,2766 375,2760 375,2759 363,2759 362,2758 246,2758 245,2757 196,2757 195,2756 32,2756 31,2755 29,2755 28,2755 28,2754 27,2753 27,2727 32,2722 32,2713 33,2712 33,2711 36,2708 340,2708 340,2709 340,2710 341,2710 342,2710 343,2711 624,2711 625,2712 665,2712 665,2713 665,2715 666,2716 666,2720 667,2720 678,2720 678,2721 678,2722 679,2723 679,2727 680,2727 730,2727 731,2728 733,2728 735,2731 735,2746 736,2746 746,2746 747,2747 748,2747 748,2748 748,2750 749,2751 749,2753 748,2754 748,2756 746,2758 745,2758 744,2759 514,2759 513,2760 397,2760 396,2761 396,2762 395,2763 395,2764 393,2766 393,2767 391,2769 391,2770 391,2770 390,2770 389,2771 386,2771 385,2772"/><TextEquiv index="1"><Unicode>inalienability. Stăbĭlĭtas.</Unicode></TextEquiv></TextLine><TextLine id="r0_l044"><Coords points="529,2837 526,2835 526,2824 526,2823 223,2823 221,2825 221,2826 220,2827 220,2828 216,2832 215,2832 214,2833 206,2833 205,2832 204,2832 201,2830 201,2822 201,2821 188,2821 187,2820 166,2820 165,2821 165,2836 165,2836 163,2836 162,2836 162,2821 162,2820 32,2820 31,2819 30,2819 29,2819 29,2818 28,2817 28,2789 32,2785 32,2775 36,2771 42,2771 43,2772 314,2772 314,2772 314,2768 315,2767 316,2767 317,2766 318,2766 319,2765 337,2765 339,2768 339,2773 340,2773 456,2773 457,2774 458,2774 458,2775 458,2778 459,2778 677,2778 677,2778 677,2777 678,2776 698,2776 698,2777 698,2778 699,2779 699,2785 700,2785 710,2785 711,2787 711,2789 713,2790 756,2790 757,2791 766,2791 767,2793 767,2794 768,2795 768,2811 769,2811 780,2811 780,2812 780,2813 781,2814 781,2815 782,2816 782,2820 779,2823 542,2823 541,2824 541,2827 539,2829 539,2830 534,2835 533,2835 531,2837"/><TextEquiv index="1"><Unicode>inanity. Inanĭtas, văcuĭtas.</Unicode></TextEquiv></TextLine><TextLine id="r0_l045"><Coords points="111,2903 111,2885 111,2884 31,2884 30,2883 29,2883 28,2883 28,2882 27,2881 27,2855 28,2854 28,2853 29,2852 30,2851 31,2851 32,2850 32,2840 33,2839 33,2838 34,2837 35,2837 36,2836 210,2836 211,2837 212,2837 214,2839 755,2839 756,2838 907,2838 908,2837 909,2838 928,2838 929,2839 1207,2839 1208,2840 1761,2840 1762,2839 1795,2839 1796,2838 1799,2838 1800,2837 1801,2838 1802,2838 1805,2842 1805,2846 1806,2846 1944,2846 1946,2849 1946,2855 1947,2855 1960,2855 1961,2856 1962,2856 1964,2859 1964,2861 1963,2862 1963,2863 1962,2864 1962,2865 1962,2865 1947,2865 1946,2866 1946,2873 1944,2875 1943,2875 1942,2876 1929,2876 1928,2877 1918,2877 1916,2879 1874,2879 1873,2880 1873,2883 1872,2884 1872,2887 1871,2888 1871,2889 1870,2890 1870,2891 1866,2895 1865,2895 1864,2896 1861,2896 1859,2895 1859,2894 1858,2893 1858,2891 1858,2890 1540,2890 1539,2889 1448,2889 1447,2888 837,2888 836,2889 836,2890 834,2892 834,2893 829,2898 828,2898 826,2900 113,2900 112,2901 112,2903 112,2903"/><TextEquiv index="1"><Unicode>inanition. Fămes, exĭnānĭtio, Plin.—To reduce to a state of inanition, eī-</Unicode></TextEquiv></TextLine><TextLine id="r0_l046"><Coords points="92,2904 336,2904 336,2962 92,2962"/><TextEquiv index="1"><Unicode>ĭnānio, 4.</Unicode></TextEquiv></TextLine><TextLine id="r0_l047"><Coords points="212,3029 212,3014 212,3013 171,3013 170,3014 170,3024 169,3025 156,3025 155,3026 119,3026 118,3026 118,3025 117,3024 117,3023 116,3022 116,3014 116,3013 34,3013 33,3012 29,3012 27,3011 27,3010 26,3009 26,2981 28,2979 29,2979 29,2979 29,2969 34,2964 40,2964 41,2965 42,2965 43,2967 43,2968 44,2969 44,2978 45,2978 101,2978 102,2979 182,2979 182,2979 182,2969 184,2967 185,2967 186,2966 209,2966 210,2965 211,2965 212,2964 214,2964 218,2968 286,2968 287,2967 330,2967 331,2969 331,2972 332,2973 332,2979 333,2979 354,2979 355,2980 357,2980 361,2984 362,2984 362,2985 362,2986 363,2987 363,2988 364,2989 364,2994 365,2995 365,3000 366,3000 376,3000 378,3003 378,3005 379,3006 379,3009 380,3009 444,3009 444,3009 444,2959 448,2955 472,2955 473,2957 473,2975 474,2975 558,2975 558,2975 558,2972 559,2971 559,2970 560,2969 574,2969 577,2966 608,2966 609,2967 611,2967 612,2969 612,2983 613,2983 634,2983 635,2985 635,2988 636,2989 636,3002 637,3002 646,3002 647,3003 648,3003 649,3005 649,3011 648,3012 648,3013 646,3015 469,3015 468,3016 452,3016 451,3015 448,3015 447,3015 447,3012 447,3011 379,3011 378,3012 378,3013 377,3014 355,3014 354,3015 300,3015 299,3014 236,3014 235,3013 214,3013 213,3014 213,3029 213,3029"/><TextEquiv index="1"><Unicode>inapplicable. Ĭnutĭlis.</Unicode></TextEquiv></TextLine><TextLine id="r0_l048"><Coords points="307,3095 307,3091 307,3090 118,3090 117,3090 117,3089 116,3088 116,3087 115,3086 115,3079 115,3078 94,3078 93,3077 29,3077 28,3076 27,3076 26,3076 26,3075 25,3074 25,3046 29,3042 29,3032 33,3028 39,3028 40,3029 516,3029 516,3029 516,3025 517,3024 517,3023 518,3022 535,3022 536,3021 537,3022 538,3022 540,3025 540,3029 541,3029 683,3029 685,3032 685,3038 686,3038 696,3038 697,3039 698,3039 699,3041 699,3046 700,3046 754,3046 754,3047 754,3048 755,3049 755,3050 756,3051 756,3066 757,3066 764,3066 765,3067 766,3067 768,3069 769,3069 770,3071 770,3076 766,3080 447,3080 446,3081 422,3081 421,3082 421,3083 420,3084 420,3085 419,3086 419,3087 418,3088 418,3089 416,3091 415,3091 414,3092 413,3092 412,3093 309,3093 308,3094 308,3095 308,3095"/><TextEquiv index="1"><Unicode>inapplicability. Ĭnutĭlĭtas.</Unicode></TextEquiv></TextLine><TextLine id="r0_l049"><Coords points="571,3159 570,3158 569,3158 567,3157 567,3156 566,3155 566,3146 566,3145 259,3145 258,3146 258,3155 257,3156 240,3156 239,3155 155,3155 154,3154 117,3154 116,3154 116,3153 115,3152 115,3151 114,3150 114,3143 114,3142 106,3142 105,3141 88,3141 87,3140 28,3140 27,3139 26,3139 25,3139 25,3138 24,3137 24,3114 23,3113 23,3111 24,3110 24,3109 28,3105 28,3095 29,3094 29,3093 30,3092 38,3092 41,3095 482,3095 482,3095 482,3090 481,3089 482,3088 482,3087 484,3085 488,3085 489,3086 504,3086 504,3087 504,3088 505,3089 505,3090 506,3091 506,3099 507,3099 508,3099 508,3100 508,3104 509,3104 609,3104 610,3105 611,3105 611,3106 611,3109 613,3110 896,3110 897,3111 939,3111 941,3114 941,3131 942,3131 954,3131 955,3133 955,3134 956,3135 955,3136 955,3141 954,3142 953,3142 952,3143 728,3143 727,3144 727,3155 726,3156 726,3157 726,3157 722,3157 721,3158 578,3158 577,3159"/><TextEquiv index="1"><Unicode>inappropriate. Ineptus, perversus.</Unicode></TextEquiv></TextLine><TextLine id="r0_l050"><Coords points="1711,3222 1710,3222 1709,3221 1708,3221 1705,3218 1270,3218 1213,3218 1212,3219 1212,3221 1212,3221 1211,3221 1210,3222 1199,3222 1198,3223 996,3223 993,3220 881,3220 878,3218 878,3211 878,3210 708,3210 707,3209 262,3209 261,3210 261,3219 260,3220 247,3220 246,3221 180,3221 179,3222 175,3222 174,3222 174,3218 174,3217 123,3217 122,3216 119,3216 116,3214 116,3206 116,3205 94,3205 93,3204 52,3204 51,3203 30,3203 29,3202 27,3202 25,3201 25,3178 24,3177 24,3176 23,3175 23,3173 26,3170 27,3170 28,3169 29,3169 29,3169 29,3159 30,3158 30,3157 31,3156 32,3156 33,3155 38,3155 39,3156 40,3156 40,3157 40,3159 41,3159 310,3159 311,3160 312,3160 313,3161 799,3161 800,3160 917,3160 918,3159 1427,3159 1428,3158 1843,3158 1844,3157 1846,3157 1847,3158 1849,3158 1850,3159 1851,3159 1853,3161 1854,3161 1855,3163 1855,3164 1856,3165 1856,3167 1857,3168 1857,3170 1858,3171 1858,3172 1860,3174 1860,3175 1861,3176 1861,3190 1862,3190 1872,3190 1873,3191 1874,3191 1875,3193 1875,3194 1876,3195 1876,3199 1875,3200 1875,3201 1873,3203 1857,3203 1856,3204 1856,3205 1855,3206 1855,3209 1852,3212 1852,3213 1852,3213 1851,3213 1849,3215 1814,3215 1813,3216 1813,3217 1810,3220 1809,3220 1808,3221 1805,3221 1804,3222 1713,3222 1712,3223"/><TextEquiv index="1"><Unicode>inappropriateness. Perversitas, ĭneptiæ (esp. of conduct, as language).</Unicode></TextEquiv></TextLine><TextLine id="r0_l051"><Coords points="341,3273 296,3273 295,3272 262,3272 261,3271 202,3271 201,3270 198,3270 197,3269 154,3269 153,3268 152,3268 151,3267 68,3267 67,3266 30,3266 29,3265 28,3265 25,3263 25,3237 27,3235 27,3234 28,3233 29,3233 29,3233 29,3223 30,3222 30,3221 31,3220 32,3220 33,3219 35,3219 36,3218 37,3219 40,3219 41,3221 41,3222 42,3222 181,3222 181,3223 181,3224 183,3225 262,3225 263,3226 511,3226 512,3225 514,3225 515,3226 533,3226 535,3229 535,3240 536,3240 596,3240 597,3241 600,3241 601,3242 602,3242 603,3243 604,3243 605,3245 605,3246 606,3247 606,3260 607,3260 616,3260 617,3261 618,3261 619,3262 620,3262 620,3263 620,3271 620,3271 619,3271 618,3272 615,3272 614,3273 612,3273 611,3272 368,3272 367,3273 343,3273 342,3274"/><TextEquiv index="1"><Unicode>inarticulate. Balbus.</Unicode></TextEquiv></TextLine><TextLine id="r0_l052"><Coords points="384,3349 383,3348 382,3348 379,3346 379,3345 378,3344 378,3338 378,3337 320,3337 319,3336 296,3336 295,3335 262,3335 261,3334 242,3334 241,3333 227,3333 226,3332 158,3332 157,3331 120,3331 119,3330 68,3330 67,3329 30,3329 29,3328 28,3328 25,3326 25,3300 27,3298 27,3297 28,3296 29,3296 29,3296 29,3286 30,3285 30,3284 31,3283 32,3283 33,3282 35,3282 36,3281 37,3282 40,3282 41,3284 41,3285 42,3285 181,3285 182,3287 182,3288 183,3288 266,3288 267,3289 268,3289 269,3290 497,3290 498,3289 590,3289 591,3290 738,3290 739,3292 739,3303 740,3303 830,3303 831,3304 832,3304 832,3305 832,3306 833,3307 833,3310 834,3311 834,3323 835,3323 840,3323 841,3324 842,3324 843,3325 844,3325 844,3326 844,3327 845,3328 845,3334 844,3335 839,3335 838,3336 741,3336 740,3337 400,3337 398,3339 398,3340 397,3341 397,3343 396,3344 396,3345 394,3347 393,3347 392,3348 390,3348 389,3349"/><TextEquiv index="1"><Unicode>inarticulately. Balbe. Lucr.</Unicode></TextEquiv></TextLine><TextLine id="r0_l053"><Coords points="636,3413 635,3412 634,3412 631,3410 631,3409 630,3408 630,3402 630,3401 151,3401 150,3402 150,3404 149,3405 136,3405 135,3406 39,3406 38,3407 36,3407 35,3407 35,3393 31,3389 31,3386 30,3385 30,3369 29,3367 28,3367 27,3366 26,3366 25,3366 25,3363 26,3362 26,3361 29,3358 29,3357 32,3354 32,3353 36,3349 37,3349 38,3348 39,3349 40,3349 41,3350 232,3350 233,3351 294,3351 295,3352 927,3352 927,3353 927,3354 928,3355 928,3356 929,3356 1018,3356 1018,3357 1018,3358 1019,3359 1019,3360 1020,3360 1124,3360 1124,3361 1124,3363 1118,3369 1020,3369 1019,3370 1019,3384 1020,3384 1022,3384 1024,3387 1024,3390 1025,3390 1035,3390 1036,3391 1038,3391 1039,3393 1039,3394 1040,3395 1040,3397 1039,3398 1039,3399 1037,3401 1036,3401 1035,3402 971,3402 970,3403 970,3405 966,3409 648,3409 646,3411 645,3411 644,3412 642,3412 641,3413"/><TextEquiv index="1"><Unicode>to speak inarticulately. Balbūtio, 4.</Unicode></TextEquiv></TextLine><TextLine id="r0_l054"><Coords points="1212,3478 1211,3477 1208,3477 1207,3476 1206,3476 1204,3474 982,3474 981,3475 981,3476 980,3477 979,3477 978,3478 974,3478 973,3477 794,3477 791,3475 791,3474 791,3473 531,3473 529,3475 528,3475 526,3477 518,3477 517,3476 516,3476 515,3475 514,3475 513,3475 513,3474 512,3473 512,3472 511,3471 511,3468 510,3466 507,3466 506,3465 505,3465 504,3464 360,3464 359,3463 342,3463 341,3462 340,3462 339,3461 286,3461 285,3460 264,3460 263,3459 238,3459 237,3458 218,3458 217,3457 202,3457 201,3456 200,3456 199,3455 176,3455 175,3454 42,3454 41,3453 30,3453 29,3452 28,3452 27,3451 26,3451 25,3451 25,3423 26,3422 27,3422 28,3421 29,3421 29,3421 29,3411 32,3408 33,3408 34,3407 40,3407 41,3409 41,3413 42,3413 258,3413 259,3414 266,3414 266,3415 266,3416 267,3417 267,3418 268,3419 268,3426 269,3426 274,3426 275,3427 495,3427 500,3422 503,3422 505,3420 507,3420 508,3419 589,3419 590,3418 591,3419 636,3419 637,3421 637,3422 638,3423 638,3433 639,3433 908,3433 908,3433 908,3421 910,3419 911,3419 912,3418 1053,3418 1054,3419 1056,3419 1058,3422 1058,3423 1059,3424 1059,3432 1060,3432 1475,3432 1475,3432 1475,3421 1478,3418 1479,3418 1480,3417 1691,3417 1692,3416 1693,3416 1694,3415 1851,3415 1852,3414 1855,3414 1856,3413 1868,3413 1869,3414 1871,3414 1872,3416 1872,3421 1873,3421 1960,3421 1961,3422 1962,3422 1962,3423 1962,3424 1963,3425 1963,3426 1964,3427 1964,3428 1965,3429 1965,3430 1966,3431 1966,3448 1966,3448 1965,3448 1964,3449 1963,3449 1960,3452 1960,3453 1960,3453 1922,3453 1920,3455 1872,3455 1871,3456 1871,3457 1870,3458 1870,3459 1870,3459 1865,3459 1864,3460 1809,3460 1808,3461 1807,3461 1806,3462 1775,3462 1774,3463 1710,3463 1709,3464 1679,3464 1678,3465 1223,3465 1222,3466 1222,3475 1221,3476 1221,3477 1221,3477 1219,3477 1218,3478"/><TextEquiv index="1"><Unicode>inasmuch as. Quŏniam, quandoquidcm, quum.—Inasmuch as I see</Unicode></TextEquiv></TextLine><TextLine id="r0_l055"><Coords points="842,3602 841,3601 840,3601 839,3601 839,3600 838,3599 838,3588 838,3587 779,3587 778,3588 749,3588 748,3587 746,3587 743,3584 701,3584 700,3585 700,3586 699,3587 698,3587 697,3588 696,3588 695,3589 693,3589 692,3588 670,3588 669,3587 617,3587 616,3588 612,3588 611,3587 610,3587 609,3586 533,3586 532,3587 494,3587 493,3586 490,3586 489,3585 446,3585 445,3586 445,3589 444,3590 444,3595 444,3595 443,3595 442,3596 442,3597 442,3597 441,3597 440,3598 435,3598 434,3599 428,3599 427,3598 426,3598 425,3597 422,3597 421,3597 421,3596 421,3595 420,3595 419,3595 419,3594 418,3593 418,3592 417,3591 417,3584 417,3583 352,3583 351,3582 306,3582 305,3581 273,3581 272,3580 255,3580 254,3579 253,3579 249,3575 207,3575 206,3576 168,3576 167,3575 166,3575 165,3575 165,3574 165,3573 164,3573 163,3572 162,3572 161,3571 160,3571 153,3565 153,3564 152,3563 152,3562 151,3561 151,3558 150,3557 150,3552 150,3551 101,3551 100,3552 99,3552 98,3553 97,3552 96,3552 95,3551 94,3551 93,3551 93,3546 93,3545 92,3545 91,3544 89,3544 87,3543 87,3541 88,3540 88,3539 89,3538 89,3537 90,3536 91,3536 92,3535 92,3533 93,3532 93,3531 94,3530 95,3530 96,3529 108,3529 109,3531 109,3532 110,3533 110,3534 111,3535 111,3536 113,3537 155,3537 160,3532 162,3532 164,3530 174,3530 175,3531 178,3531 179,3532 214,3532 215,3533 216,3533 217,3535 217,3538 218,3539 218,3542 219,3542 268,3542 268,3542 268,3537 271,3534 277,3534 277,3535 277,3536 278,3537 278,3538 279,3539 279,3550 280,3550 285,3550 286,3551 287,3551 288,3552 349,3552 349,3552 349,3541 350,3540 351,3540 352,3539 353,3539 354,3538 358,3538 359,3539 380,3539 381,3540 384,3540 384,3541 384,3542 385,3543 385,3544 386,3545 386,3554 387,3554 448,3554 448,3554 448,3543 450,3541 451,3541 452,3540 473,3540 474,3539 475,3540 476,3540 477,3541 515,3541 516,3543 516,3554 519,3556 563,3556 564,3555 568,3555 569,3556 661,3556 661,3556 661,3544 662,3543 663,3543 664,3542 671,3542 673,3544 674,3544 674,3545 674,3546 675,3547 675,3558 676,3558 697,3558 698,3559 699,3559 701,3562 701,3563 702,3563 743,3563 744,3562 744,3561 747,3558 751,3558 752,3557 807,3557 808,3556 826,3556 827,3557 877,3557 878,3556 968,3556 968,3556 968,3544 970,3542 974,3542 975,3541 978,3541 979,3542 980,3542 981,3544 981,3545 982,3546 982,3557 983,3557 1023,3557 1024,3556 1024,3547 1025,3546 1025,3545 1028,3542 1031,3542 1032,3541 1033,3542 1036,3542 1037,3543 1038,3543 1039,3545 1039,3556 1040,3556 1113,3556 1113,3556 1113,3545 1114,3544 1114,3543 1116,3541 1151,3541 1152,3540 1156,3540 1158,3543 1158,3545 1159,3546 1159,3554 1161,3555 1169,3555 1170,3556 1172,3556 1173,3557 1215,3557 1216,3556 1217,3556 1218,3555 1221,3555 1221,3555 1221,3543 1222,3542 1223,3542 1224,3541 1228,3541 1230,3544 1230,3545 1231,3546 1231,3557 1232,3557 1252,3557 1253,3558 1295,3558 1298,3555 1299,3555 1300,3554 1304,3554 1305,3555 1471,3555 1472,3554 1474,3554 1475,3555 1559,3555 1561,3553 1561,3552 1562,3551 1562,3550 1565,3547 1605,3547 1605,3547 1605,3543 1608,3540 1616,3540 1618,3543 1618,3546 1619,3547 1619,3552 1620,3553 1620,3554 1621,3554 1654,3554 1655,3555 1783,3555 1784,3554 1787,3554 1787,3554 1787,3545 1788,3544 1788,3543 1789,3542 1789,3541 1790,3540 1791,3540 1792,3539 1796,3539 1797,3540 1798,3540 1798,3541 1798,3542 1801,3545 1801,3551 1802,3551 1881,3551 1882,3550 1883,3550 1884,3549 1885,3549 1886,3548 1887,3548 1887,3548 1887,3537 1888,3536 1888,3535 1889,3534 1931,3534 1931,3534 1931,3533 1932,3532 1933,3532 1934,3531 1938,3531 1939,3533 1939,3543 1940,3543 1958,3543 1959,3544 1960,3544 1962,3547 1962,3548 1963,3549 1963,3550 1964,3551 1964,3552 1965,3553 1965,3566 1966,3567 1966,3571 1964,3573 1963,3573 1962,3574 1947,3574 1946,3575 1937,3575 1936,3576 1901,3576 1898,3579 1866,3579 1864,3581 1843,3581 1842,3582 1841,3582 1840,3583 1821,3583 1820,3584 1791,3584 1790,3585 1755,3585 1754,3586 1728,3586 1727,3585 1627,3585 1626,3586 1618,3586 1617,3585 1572,3585 1571,3586 1546,3586 1545,3587 1544,3586 1511,3586 1510,3585 1508,3585 1465,3585 1464,3586 1421,3586 1420,3587 1420,3588 1419,3589 1419,3592 1418,3593 1418,3594 1412,3600 1411,3600 1410,3601 1408,3601 1407,3600 1405,3600 1401,3597 1401,3587 1401,3586 1275,3586 1273,3588 1273,3590 1272,3591 1272,3593 1270,3595 1269,3595 1268,3596 1264,3596 1263,3595 1262,3595 1261,3595 1261,3586 1261,3585 1249,3585 1248,3584 1178,3584 1176,3586 1043,3586 1041,3588 1000,3588 999,3587 905,3587 904,3588 903,3587 854,3587 853,3588 853,3599 852,3600 851,3600 850,3601 845,3601 844,3602"/><TextEquiv index="1"><Unicode>* Of the English worde compounded with in, many must be rendered in</Unicode></TextEquiv></TextLine><TextLine id="r0_l056"><Coords points="1028,3665 1027,3665 1027,3664 1026,3663 1026,3653 1026,3652 1016,3652 1015,3651 920,3651 919,3652 919,3655 918,3656 918,3657 918,3657 917,3657 911,3663 910,3663 909,3664 907,3664 906,3665 905,3665 905,3664 904,3663 904,3652 904,3651 888,3651 887,3650 886,3650 885,3649 845,3649 844,3650 843,3650 842,3651 797,3651 796,3652 748,3652 747,3651 746,3651 703,3651 702,3652 686,3652 685,3653 685,3659 684,3660 684,3662 682,3664 681,3664 680,3665 665,3665 660,3661 660,3660 659,3659 659,3652 659,3651 630,3651 629,3650 620,3650 619,3649 602,3649 601,3648 557,3648 556,3649 485,3649 484,3648 460,3648 459,3647 419,3647 418,3648 418,3653 417,3654 417,3655 415,3657 414,3657 412,3659 411,3659 410,3660 409,3660 408,3661 406,3661 405,3660 404,3660 400,3657 400,3656 399,3655 399,3646 399,3645 367,3645 366,3646 365,3645 352,3645 351,3644 322,3644 321,3643 286,3643 285,3642 271,3642 270,3641 269,3641 268,3640 231,3640 229,3642 229,3644 228,3645 228,3646 226,3648 226,3651 226,3651 224,3651 223,3652 217,3652 216,3651 214,3651 211,3649 211,3640 211,3639 198,3639 197,3638 194,3638 193,3637 188,3637 187,3636 143,3636 142,3637 142,3653 142,3653 139,3653 138,3653 138,3637 138,3636 120,3636 119,3635 118,3635 117,3634 79,3634 78,3635 77,3635 76,3636 76,3653 76,3653 75,3653 75,3636 75,3635 73,3635 72,3636 43,3636 42,3637 26,3637 25,3638 24,3638 23,3637 22,3637 21,3637 21,3635 22,3634 22,3633 26,3629 27,3629 27,3629 27,3604 26,3603 26,3601 25,3599 24,3599 23,3599 23,3598 22,3597 22,3595 25,3592 27,3592 28,3591 44,3591 45,3592 46,3592 46,3593 46,3594 47,3595 47,3605 48,3605 94,3605 97,3602 97,3601 98,3600 98,3599 100,3597 115,3597 115,3597 115,3594 116,3593 116,3592 117,3591 118,3591 119,3590 121,3590 122,3591 123,3591 124,3592 125,3592 125,3593 125,3606 126,3606 180,3606 180,3606 180,3595 182,3593 183,3593 184,3592 188,3592 189,3593 190,3593 191,3594 192,3594 192,3595 192,3596 193,3597 193,3600 194,3601 194,3606 197,3608 222,3608 223,3609 238,3609 239,3610 242,3610 243,3611 278,3611 279,3612 302,3612 303,3613 304,3613 305,3614 387,3614 387,3614 387,3603 389,3601 391,3601 392,3600 393,3601 398,3601 400,3603 416,3603 418,3606 418,3608 419,3609 419,3617 420,3617 478,3617 480,3615 480,3614 483,3611 484,3611 485,3610 498,3610 498,3610 498,3607 502,3603 504,3603 505,3604 506,3604 506,3605 506,3606 507,3607 507,3608 508,3609 508,3619 509,3619 560,3619 561,3620 599,3620 600,3619 634,3619 635,3620 636,3620 637,3621 717,3621 718,3620 813,3620 813,3620 813,3609 816,3606 837,3606 838,3605 840,3605 841,3606 842,3606 844,3609 844,3620 845,3620 896,3620 901,3626 901,3627 904,3629 941,3629 942,3628 943,3628 945,3626 945,3613 947,3611 947,3610 949,3608 950,3608 951,3607 953,3607 954,3606 957,3606 958,3605 959,3606 960,3606 961,3607 962,3607 963,3608 964,3608 964,3609 964,3610 965,3611 965,3612 966,3613 966,3619 967,3619 976,3619 977,3620 1000,3620 1001,3621 1002,3621 1003,3622 1004,3622 1005,3623 1006,3623 1007,3624 1008,3624 1008,3625 1008,3626 1009,3627 1009,3630 1010,3631 1010,3639 1011,3639 1062,3639 1062,3639 1062,3629 1063,3628 1063,3625 1064,3624 1064,3623 1067,3620 1069,3620 1070,3619 1133,3619 1134,3618 1135,3618 1135,3618 1135,3607 1138,3604 1144,3604 1145,3605 1146,3605 1147,3606 1148,3606 1148,3607 1148,3619 1149,3619 1213,3619 1214,3618 1216,3618 1217,3619 1218,3619 1219,3620 1252,3620 1254,3623 1254,3624 1255,3624 1292,3624 1296,3620 1297,3620 1298,3619 1301,3619 1302,3618 1359,3618 1359,3618 1359,3606 1361,3604 1362,3604 1363,3603 1367,3603 1368,3604 1369,3604 1370,3605 1371,3605 1371,3606 1371,3607 1372,3608 1372,3611 1373,3612 1373,3617 1376,3619 1445,3619 1446,3618 1469,3618 1470,3617 1492,3617 1493,3618 1508,3618 1509,3619 1583,3619 1584,3618 1613,3618 1613,3618 1613,3605 1616,3602 1622,3602 1624,3604 1626,3604 1626,3605 1626,3606 1627,3607 1627,3618 1628,3618 1679,3618 1680,3617 1681,3618 1736,3618 1737,3619 1738,3619 1739,3620 1787,3620 1788,3619 1790,3619 1792,3617 1799,3617 1800,3616 1822,3616 1823,3617 1860,3617 1860,3617 1860,3616 1861,3615 1862,3615 1862,3615 1862,3605 1863,3604 1863,3603 1864,3602 1864,3601 1866,3599 1868,3599 1869,3600 1870,3600 1872,3603 1872,3612 1873,3612 1906,3612 1908,3610 1911,3610 1912,3609 1935,3609 1936,3608 1936,3599 1937,3598 1937,3597 1940,3594 1941,3594 1942,3593 1946,3593 1947,3594 1948,3594 1948,3595 1948,3618 1949,3618 1964,3618 1964,3619 1964,3620 1965,3621 1965,3622 1966,3623 1966,3625 1965,3626 1965,3627 1965,3627 1960,3627 1959,3628 1952,3628 1951,3629 1951,3637 1951,3637 1949,3637 1948,3638 1945,3638 1944,3639 1914,3639 1913,3640 1909,3640 1908,3641 1899,3641 1898,3642 1887,3642 1886,3643 1881,3643 1880,3644 1847,3644 1846,3645 1846,3647 1840,3653 1837,3653 1836,3654 1836,3655 1836,3655 1834,3655 1833,3655 1833,3648 1833,3647 1795,3647 1794,3648 1767,3648 1766,3649 1766,3652 1765,3653 1765,3654 1763,3656 1762,3656 1760,3658 1755,3658 1754,3658 1754,3650 1754,3649 1642,3649 1641,3650 1601,3650 1600,3651 1600,3661 1598,3663 1597,3663 1596,3664 1588,3664 1587,3663 1582,3663 1581,3663 1581,3650 1581,3649 1499,3649 1498,3650 1497,3649 1453,3649 1452,3650 1450,3650 1449,3649 1411,3649 1410,3650 1410,3651 1409,3652 1409,3653 1408,3654 1408,3657 1407,3658 1407,3659 1405,3661 1404,3661 1402,3663 1401,3663 1400,3664 1395,3664 1394,3663 1393,3663 1391,3662 1391,3660 1390,3659 1390,3651 1390,3650 1377,3650 1376,3649 1373,3649 1372,3648 1334,3648 1333,3649 1330,3649 1329,3650 1328,3649 1272,3649 1270,3651 1270,3653 1269,3654 1269,3655 1268,3656 1268,3657 1268,3657 1267,3657 1266,3658 1266,3659 1265,3660 1265,3661 1265,3661 1264,3661 1262,3663 1261,3662 1260,3662 1258,3661 1258,3649 1258,3648 1213,3648 1212,3649 1209,3649 1208,3650 1207,3649 1206,3649 1205,3648 1153,3648 1152,3649 1151,3649 1150,3650 1073,3650 1072,3651 1041,3651 1040,3652 1040,3655 1039,3656 1039,3657 1038,3658 1038,3659 1037,3660 1037,3661 1033,3665"/><TextEquiv index="1"><Unicode>Latin by an adjective or gerundive, &amp;c., and non, or by some phrase; as, inad</Unicode></TextEquiv></TextLine><TextLine id="r0_l057"><Coords points="872,3729 871,3728 868,3728 867,3727 865,3727 862,3724 478,3724 477,3724 477,3723 476,3722 476,3720 475,3719 475,3710 475,3709 230,3709 229,3709 229,3701 229,3700 212,3700 211,3699 208,3699 207,3698 24,3698 23,3697 22,3697 21,3697 21,3696 20,3695 20,3673 21,3672 21,3670 22,3669 23,3669 24,3668 71,3668 71,3668 71,3655 72,3654 73,3654 74,3653 76,3653 77,3652 191,3652 192,3653 194,3653 194,3654 194,3665 195,3665 463,3665 464,3666 512,3666 514,3668 1177,3668 1178,3667 1699,3667 1700,3666 1848,3666 1848,3666 1848,3665 1850,3663 1920,3663 1920,3663 1920,3661 1921,3660 1921,3659 1922,3658 1923,3658 1924,3657 1926,3657 1927,3658 1929,3658 1929,3659 1929,3660 1930,3661 1930,3664 1931,3665 1931,3669 1932,3669 1958,3669 1959,3670 1960,3670 1961,3671 1962,3671 1963,3672 1964,3672 1964,3673 1964,3674 1965,3675 1965,3676 1966,3677 1966,3680 1967,3681 1967,3685 1966,3686 1966,3693 1965,3694 1965,3697 1964,3698 1963,3698 1962,3699 1959,3699 1958,3700 1943,3700 1942,3701 1941,3701 1940,3702 1937,3702 1936,3703 1935,3703 1934,3704 1882,3704 1880,3706 1879,3706 1878,3707 1877,3707 1876,3708 1853,3708 1852,3709 1829,3709 1828,3710 1805,3710 1804,3711 1777,3711 1776,3712 1725,3712 1724,3713 1687,3713 1686,3714 1453,3714 1452,3715 1353,3715 1352,3716 1352,3718 1351,3719 1351,3720 1348,3723 1345,3723 1344,3724 1206,3724 1205,3725 1205,3727 1205,3727 1203,3727 1202,3728 1023,3728 1022,3729"/><TextEquiv index="1"><Unicode>missible, non recipiendus; non dignus qui recipiatur, &amp;c. For such words the</Unicode></TextEquiv></TextLine><TextLine id="r0_l058"><Coords points="1263,3794 1262,3794 1262,3776 1262,3775 1254,3775 1252,3773 1251,3773 1248,3770 1211,3770 1210,3771 1210,3772 1210,3772 1206,3776 1205,3776 1204,3777 1200,3777 1199,3776 1151,3776 1149,3776 1148,3777 1147,3776 1121,3776 1120,3775 1093,3775 1083,3775 1081,3777 1080,3777 1079,3778 1037,3778 1036,3777 992,3777 991,3778 991,3782 990,3783 990,3788 990,3788 989,3788 988,3789 988,3790 988,3790 987,3790 986,3791 981,3791 980,3792 974,3792 973,3791 972,3791 971,3790 968,3790 967,3790 967,3789 967,3788 966,3788 965,3788 965,3787 964,3786 964,3785 963,3784 963,3778 963,3777 956,3777 955,3776 917,3776 916,3777 914,3777 913,3776 815,3776 814,3777 814,3786 813,3787 813,3788 813,3788 810,3788 809,3789 806,3789 805,3788 804,3788 802,3787 802,3777 802,3776 790,3776 789,3775 745,3775 731,3775 730,3776 722,3776 721,3775 678,3775 677,3774 676,3774 675,3773 646,3773 645,3774 645,3789 645,3789 644,3789 644,3774 644,3773 625,3773 623,3771 561,3771 560,3772 554,3772 553,3771 507,3771 505,3769 442,3769 440,3767 378,3767 377,3766 339,3766 337,3766 336,3767 335,3766 332,3766 331,3765 299,3765 298,3764 274,3764 273,3763 260,3763 259,3762 256,3762 255,3761 245,3761 244,3762 244,3778 244,3778 243,3778 243,3762 243,3761 242,3761 241,3760 240,3760 239,3759 195,3759 194,3758 164,3758 163,3757 92,3757 91,3756 37,3756 36,3757 29,3757 28,3758 24,3758 23,3757 22,3757 21,3757 21,3756 20,3755 20,3735 21,3734 21,3733 24,3730 25,3730 26,3729 27,3729 28,3728 49,3728 49,3728 49,3727 50,3726 50,3725 51,3724 51,3723 52,3722 53,3722 54,3721 56,3721 57,3723 57,3724 58,3725 58,3726 60,3727 110,3727 110,3727 110,3717 112,3715 113,3715 114,3714 120,3714 121,3715 122,3715 123,3717 123,3718 124,3719 124,3728 125,3728 190,3728 193,3725 193,3723 195,3721 196,3721 197,3720 199,3723 199,3724 200,3725 200,3728 205,3732 249,3732 249,3732 249,3721 250,3720 250,3719 252,3717 254,3717 255,3718 260,3718 261,3719 262,3719 263,3721 263,3730 264,3731 264,3732 266,3733 268,3733 269,3734 272,3734 273,3735 299,3735 300,3736 339,3736 339,3736 339,3725 342,3722 346,3722 347,3723 379,3723 380,3724 381,3724 382,3726 382,3727 383,3728 383,3739 384,3739 427,3739 428,3738 463,3738 463,3738 463,3737 464,3736 464,3734 465,3733 465,3732 467,3730 467,3729 470,3726 473,3726 474,3725 477,3725 478,3724 480,3724 480,3725 480,3727 482,3729 482,3740 483,3740 509,3740 510,3741 550,3741 551,3740 551,3739 552,3738 552,3737 553,3736 554,3736 555,3735 558,3735 558,3736 558,3738 559,3739 559,3740 560,3741 560,3742 561,3742 620,3742 621,3741 621,3739 624,3736 636,3736 636,3736 636,3733 637,3732 637,3731 639,3729 641,3729 642,3728 643,3729 646,3729 647,3730 648,3730 648,3731 648,3732 649,3733 649,3744 651,3745 680,3745 681,3746 739,3746 739,3746 739,3735 742,3732 743,3732 744,3731 746,3731 747,3732 748,3732 749,3734 749,3744 750,3744 772,3744 773,3745 829,3745 829,3745 829,3733 832,3730 834,3730 835,3731 839,3731 842,3735 842,3746 843,3746 860,3746 861,3747 896,3747 896,3747 896,3735 897,3734 897,3733 898,3732 901,3732 902,3731 912,3731 913,3732 928,3732 929,3733 930,3733 933,3737 933,3747 934,3747 995,3747 995,3747 995,3735 998,3732 999,3732 1000,3731 1001,3732 1056,3732 1057,3731 1063,3731 1065,3734 1065,3736 1066,3737 1066,3745 1069,3747 1110,3747 1111,3746 1182,3746 1182,3746 1182,3734 1184,3732 1187,3732 1188,3731 1193,3731 1195,3734 1195,3735 1196,3736 1196,3746 1197,3746 1199,3746 1200,3747 1206,3747 1207,3748 1208,3748 1209,3750 1209,3751 1211,3752 1249,3752 1254,3747 1257,3747 1258,3746 1280,3746 1281,3745 1282,3746 1334,3746 1335,3747 1403,3747 1404,3746 1436,3746 1437,3747 1438,3747 1439,3748 1477,3748 1478,3747 1479,3747 1480,3746 1522,3746 1524,3749 1524,3750 1525,3750 1562,3750 1562,3750 1562,3749 1563,3748 1563,3747 1566,3744 1566,3743 1567,3742 1567,3741 1568,3740 1568,3738 1569,3737 1569,3736 1572,3733 1573,3733 1574,3732 1575,3732 1576,3731 1577,3732 1580,3732 1580,3733 1580,3734 1581,3735 1581,3745 1582,3745 1596,3745 1597,3746 1655,3746 1655,3746 1655,3735 1658,3732 1659,3732 1660,3731 1661,3732 1664,3732 1664,3733 1664,3734 1665,3735 1665,3736 1666,3737 1666,3746 1667,3746 1714,3746 1714,3746 1714,3735 1715,3734 1715,3733 1716,3732 1717,3732 1718,3731 1719,3731 1720,3730 1721,3731 1744,3731 1745,3732 1746,3732 1746,3733 1746,3734 1747,3735 1747,3739 1748,3739 1795,3739 1795,3739 1795,3735 1796,3734 1796,3732 1798,3730 1801,3730 1802,3729 1804,3729 1805,3731 1805,3744 1806,3744 1846,3744 1848,3742 1856,3742 1857,3743 1895,3743 1895,3743 1895,3729 1899,3725 1926,3725 1927,3724 1927,3723 1930,3720 1934,3720 1935,3721 1936,3721 1937,3723 1937,3728 1938,3729 1938,3734 1941,3736 1944,3736 1945,3737 1946,3737 1946,3738 1947,3739 1947,3740 1948,3741 1948,3744 1950,3745 1958,3745 1959,3746 1964,3746 1966,3749 1966,3750 1967,3751 1967,3753 1966,3754 1965,3754 1964,3755 1952,3755 1951,3756 1951,3765 1950,3766 1949,3766 1948,3767 1923,3767 1921,3769 1920,3769 1919,3770 1905,3770 1904,3771 1881,3771 1880,3772 1877,3772 1876,3773 1864,3773 1863,3774 1863,3779 1862,3780 1862,3781 1861,3782 1861,3783 1860,3784 1860,3786 1860,3786 1859,3786 1856,3789 1846,3789 1845,3788 1842,3788 1840,3787 1840,3786 1839,3785 1839,3783 1838,3782 1838,3777 1838,3776 1789,3776 1788,3777 1766,3777 1765,3778 1697,3778 1696,3779 1655,3779 1654,3778 1595,3778 1594,3779 1593,3778 1542,3778 1538,3782 1538,3783 1536,3785 1536,3786 1534,3788 1534,3789 1534,3789 1532,3789 1530,3791 1529,3790 1528,3790 1526,3789 1526,3780 1526,3779 1508,3779 1507,3778 1470,3778 1399,3778 1398,3779 1346,3779 1345,3778 1329,3778 1328,3777 1286,3777 1285,3778 1285,3794 1285,3794"/><TextEquiv index="1"><Unicode>atudent should refer to the simple English verb or noun as, for indistinguish</Unicode></TextEquiv></TextLine><TextLine id="r0_l059"><Coords points="958,3850 957,3850 957,3840 957,3839 894,3839 893,3838 802,3838 801,3837 721,3837 720,3838 719,3837 694,3837 693,3837 693,3836 692,3835 692,3834 691,3833 691,3812 691,3811 640,3811 639,3812 639,3837 638,3838 638,3839 637,3840 637,3841 635,3843 635,3844 634,3845 631,3845 630,3846 628,3846 627,3845 626,3845 624,3844 624,3834 624,3833 514,3833 513,3834 513,3840 512,3841 512,3842 510,3844 509,3844 508,3845 494,3845 493,3844 492,3844 491,3843 488,3843 487,3843 487,3842 486,3841 486,3838 485,3837 485,3832 485,3831 474,3831 473,3830 408,3830 407,3829 358,3829 357,3828 356,3828 355,3827 284,3827 281,3825 281,3823 280,3822 280,3820 279,3819 279,3805 279,3804 256,3804 255,3803 210,3803 209,3804 209,3809 208,3810 208,3812 207,3813 207,3815 203,3819 202,3819 201,3820 197,3820 196,3821 137,3821 136,3822 136,3823 135,3824 135,3827 134,3828 134,3829 134,3829 133,3829 132,3830 131,3830 130,3831 126,3831 123,3829 123,3820 123,3819 26,3819 25,3818 22,3818 21,3817 20,3817 19,3817 19,3816 18,3815 18,3811 19,3810 19,3807 20,3806 20,3795 24,3791 25,3791 26,3790 31,3790 32,3789 49,3789 49,3789 49,3777 50,3776 51,3776 52,3775 81,3775 82,3774 90,3774 90,3775 90,3776 91,3777 91,3780 92,3781 92,3789 93,3789 112,3789 113,3790 114,3790 115,3791 116,3791 117,3792 161,3792 161,3792 161,3791 167,3785 167,3784 168,3783 171,3783 172,3782 174,3785 174,3788 176,3789 234,3789 234,3789 234,3787 235,3786 235,3785 242,3778 246,3778 247,3779 260,3779 261,3780 262,3780 262,3781 262,3782 263,3783 263,3789 264,3789 288,3789 289,3790 290,3790 290,3791 290,3792 291,3793 291,3795 293,3796 310,3796 311,3797 316,3797 317,3798 360,3798 360,3798 360,3789 361,3788 361,3787 362,3786 362,3785 363,3784 387,3784 388,3783 389,3784 390,3784 391,3786 391,3787 392,3788 392,3799 393,3799 421,3799 424,3796 424,3795 426,3793 441,3793 441,3793 441,3789 445,3785 448,3785 449,3786 450,3786 450,3787 450,3788 451,3789 451,3800 452,3800 462,3800 463,3801 502,3801 503,3802 549,3802 549,3802 549,3794 550,3793 550,3791 552,3789 553,3789 554,3788 596,3788 597,3789 648,3789 649,3790 666,3790 668,3792 712,3792 714,3795 714,3796 715,3797 715,3806 716,3806 746,3806 747,3807 782,3807 782,3807 782,3795 784,3793 786,3793 787,3792 788,3793 790,3793 790,3794 790,3795 791,3796 791,3807 792,3807 838,3807 839,3808 893,3808 894,3807 939,3807 940,3806 940,3805 941,3804 941,3803 942,3802 943,3802 944,3801 946,3801 947,3802 948,3802 948,3803 948,3805 949,3806 949,3808 951,3809 952,3809 953,3810 997,3810 1002,3805 1003,3805 1004,3804 1005,3804 1006,3803 1007,3805 1007,3806 1008,3807 1008,3810 1009,3810 1063,3810 1063,3810 1063,3805 1064,3804 1064,3803 1066,3801 1066,3800 1070,3796 1071,3796 1072,3795 1073,3795 1074,3794 1094,3794 1094,3795 1094,3809 1095,3809 1179,3809 1180,3808 1223,3808 1224,3807 1224,3806 1227,3803 1227,3802 1229,3800 1230,3800 1231,3799 1259,3799 1259,3799 1259,3797 1260,3796 1260,3795 1261,3794 1286,3794 1286,3795 1286,3796 1287,3797 1287,3805 1286,3806 1286,3808 1285,3809 1285,3810 1282,3813 1255,3813 1254,3814 1254,3838 1251,3841 1247,3841 1246,3840 1236,3840 1179,3840 1178,3841 1176,3841 1174,3839 1120,3839 1119,3838 1118,3838 1115,3835 1114,3835 1113,3835 1113,3833 1112,3832 1112,3826 1111,3825 1111,3821 1111,3820 1044,3820 1043,3821 1043,3823 1042,3824 1042,3829 1041,3830 1041,3833 1040,3834 1040,3835 1036,3839 1033,3839 1032,3840 1029,3840 1028,3841 970,3841 964,3847 964,3848 964,3848 963,3848 962,3849 961,3849 960,3850"/><TextEquiv index="1"><Unicode>able, to ''to distinguish;' for inexact, to 'Ĕ' exact.''</Unicode></TextEquiv></TextLine></TextRegion></Page></PcGts>