1996 3890
81 18 1927 86 clivitas, prōpensio.—The same is the inclination of the municipal tow.
85 86 984 148 Eodem incumbunt municipia. Cic.
18 148 1725 213 inclined (towards any particular pursuit, &c.), prōclīvis, prōpensus.
19 213 1196 274 to incline, trans. Dūco, 3; induco, flecto, 3.
19 277 1720 341 to incline, iatrans. Inclīno, 1; prōpendeo, 2; both c. ad and acc.
20 343 578 393 inclose.—See enclose.
20 397 1937 469 to include. Complector, 3; contĭneo, 2; comprehendo, 3; esp. in pass. pan.
19 466 1935 535 incognito.—He passed out in the darkness incognito in the dreas of a
85 534 1563 600 slave. Servili habitu per tenĕbras ignoratus evasit. Tac.
20 599 840 649 incoherent. Inconstans. Cic.
22 664 781 724 incoherently. Inconstanter.
22 728 1003 778 incoherent character. Inconstantis.
22 784 1942 855 income. Reditus, 4; fructus, 4; vectĭgal alis, neut.—He was living
89 857 1468 906 within his income. In suis nummis versabatur. Cic.
23 920 1337 980 to incommode. Incommŏdo, 1; nŏceo, 2; obscure.
22 984 1568 1041 incommodious. Incommŏdus, mŏlestus.—See inconvenient.
22 1048 845 1112 incommodiously. Incommŏde.
21 1109 1873 1179 incomparable. Singŭlāris, ūnĭcus, incompărābĭlis, Plin.—See ercellent.
23 1177 1094 1238 incomparably. Mirum in modum. Cic.
24 1241 1375 1306 incompatibility. Rĕpugnantia, dissensio, discordia.
24 1305 1078 1369 incompatible. Rĕpugnans, discors -dis.
23 1365 1821 1434 to be incompatible. Rĕpugno, 1; disto, 1; disentio, 4; discordo, 1.
22 1432 845 1495 incompetency.—See incapacity.
24 1498 978 1559 incompetent. Non sufficiens. Liv.
24 1561 712 1623 incomplete. Imperfectus.
21 1623 1098 1688 incomprehensible. Obscūrus, ambĭgŭus.
23 1687 841 1745 inconclusive. Lĕvis, infirmus.
24 1752 1036 1816 incongruity. Rĕpugnantia, discordia.
25 1816 1290 1880 incongruous. Pugnans, repugnana, discors -dis.
25 1879 1420 1945 to be incongruous. Pugno, 1; rĕpugno, dissentio, 4.
24 1942 1558 2009 inconsiderable. Parvus, exĭguus, lĕvis.—See unimportant.
24 2007 1954 2074 inconsiderate, of a person, inconsīdĕrātus.—Of a person or action, incautu,
92 2075 970 2133 inconsultus, tĕmĕrārius.—See rash.
25 2136 1164 2200 inconsiderately. Inconsīdĕrāte, inconsulte.
25 2200 854 2253 inconsiderateness. Tĕmĕrĭtas.
26 2265 1957 2330 inconsistency, with oneself. Inconstantia. — With something else, re
91 2332 1959 2396 pugnantia.—There is the greatest inconsistency in these asertions
96 2396 1039 2447 Hæc dicuntur inconstantissime. Cic.
25 2456 1956 2523 inconsistent of a person. Inconstans.—Of different statements, contrārius.
91 2523 1959 2588 —Inconsistent with, rĕpugnans, c. dat.; discors -dis, ăliēnus, c. abl. or c. a
90 2588 285 2634 and abl.
24 2648 1959 2716 to be inconsistent. Văcillo, 1.—To be inconsistent with, rĕpugno, l, c. dat.;
89 2712 1959 2777 abhorreo, 2, c. a and abl.; dissentio, 4, c. cum and abl., or c. a and abl.
88 2778 1960 2844 —You were so stupid as to be inconsistent with yourself throughout
96 2841 1964 2906 your whole speech. Tam eras excors ut totâ oratione tuâ tecum ipse pug-
90 2907 1962 2968 nares. Cic.—It is believed, because it is not inconsistent witb the rest
89 2968 1962 3034 of her wickedness. Creditur, quia non abhorret a cætero scelere... Liv.
88 3029 1963 3098 —But most people do not see how inconsistent these statements are. Sed
89 3098 1966 3163 hæc inter se quam repugnent plerique non vident. Cic.—Nor is there
90 3157 1969 3226 inconsistency only in the accounts of the historians, but the speeches too of
91 3229 1968 3291 P. Scipio and Ti. Gracchus, if indeed those which we have are genuine, are
89 3290 1967 3355 inconsistent with one another. Nec inter scriptores rerum discrepat solum,
90 3354 1966 3420 sed orationes quoque, si modo ipsorum sunt quæ feruntur, P. Scipionis et
89 3418 1033 3470 Ti. Gracchi abhorrent inter se. Liv.
25 3479 959 3545 inconstancy. Inconstantia, lĕvĭtas.
25 3543 1101 3609 inconstant. Inconstans, lĕvĭs, mūtabĭlis.
26 3605 801 3663 inconsolable. Inconsolabĭlis.
26 3669 782 3731 inconsolably. Insōlabĭlĭter.
27 3730 948 3803 incontestable. Certus, ănĭfestus.
26 3791 1972 3867 incontestably. Certe, esp. in saperl.; certissime, mănĭfesto.—The farm
