2050 3871
17 16 1968 86 indispensably. Nĕcessario, nĕcessarie.—Indispensably necessary. Omnio
82 85 366 133 necessarius.
21 140 1970 208 to indispose. Ăverto, 3; ălieno, 1; ăbălieno; all c. a and abl.; to be in-
85 211 1166 276 disposed, i. e. unwell, ægroto, 1; lăbōro, 1.
21 270 1972 337 indisposed (towards). Ăversus, ăliēnus, both c. a and abl.; i. e. ill, ægrotus.
20 336 1970 403 indisposition (towards). Aversatio (Quint.); i. e. illaess, invălētūdo, ægrō-
84 406 212 454 tātio.
22 464 1976 532 indisputable. Certus.—This is indisputable. Hoc negari non potest—
90 530 1975 595 It was indispensable that they were speaking the truth. Controversia
87 594 1971 659 non erat quin verum dicerent. Cic.—Panætius indisputably discussed
88 658 1975 724 the question of duty most accurtely. Panætius sine controversiâ de
87 723 1013 786 officiis accuratissime disputavit. Cic.
25 784 1436 847 indissoluble. Indissŏlūbilis; i. e. firm, firmus, stăbĭlis.
14 850 1082 914 indissolubly. Firme, firmĭter, stăbĭlĭter
26 914 1262 976 indistinct. Confūsus, indistinctus, ĭnordĭnātus.
26 977 633 1042 indistinctly. Confūse.
27 1042 712 1094 indistinctness. Confusio.
26 1105 1980 1173 indistinguishable.—Lest in such a promiscuous multitude their own men
90 1171 1984 1236 might be indistinguishable. Ne tantâ multitudine confusâ nec discernere
93 1235 1985 1299 suos possent nec... Cæs.—They were led round by a long route so as
93 1299 1979 1366 to be indistinguishable from the enemy's camp. Longiore itinere circum-
94 1363 1394 1427 ducti ne ab hostium campis conspici possent. Cæs.
28 1426 581 1488 to indite. Scrĭbo, 3.
31 1489 1988 1556 an individual.—I wish you would consider whether any pacific individual
96 1555 1988 1620 is required. Velim prospicias ecquæ pacifica persona desideretur. Cic.
95 1618 1991 1680 —A good and wise man consulta the advantage of the whole more than
96 1681 1990 1747 that of any individual, or even his own. Vir bonus et sapiens utiliati
97 1746 1998 1808 omnium plus quam unius alicujus aut suæ consulit. Cic.—Most of
98 1809 1995 1876 which (prodigies) because they were only reported by individuals, were
97 1874 1998 1941 not much believed. Quorum pleraque (prodigia sc.), quia singuli auctores
98 1939 787 2002 erant, parum credita. Liv.
34 1999 2003 2069 individually, i. e. separately, one by one. Singulatim.—I individually
101 2067 1131 2131 do not believe it. Ipse non credo. Cic.
35 2127 692 2181 indivisible. Indīvĭduus.
38 2193 967 2247 indocile. Indŏcĭlis.—See obstinate.
38 2258 1060 2323 to indoctrinate, i. e. teach, q. v., doceo.
38 2314 1541 2390 indolence. Inertia, segnĭties, segnĭtia, sōcordia, desĭdia.
38 2376 1907 2453 indolent. Iners -tis, segnis, sōcors —dis, ōtiōsus, dēses —ĭdis, dēsĭdiōsus.
38 2448 1077 2515 indolently. Segnĭter, sōcordĭter, ōtiose.
40 2512 715 2576 to indorse. Subscribo, 3.
39 2575 1192 2641 indubitable. Certus, indŭbĭtabĭlis. Quint.
40 2638 743 2704 indubitably. Certe, certo.
42 2687 2017 2771 to induce. Indūco, 3; suadeo, 2; impello, 3; hortor 1. (induco and impelleo
109 2772 2020 2835 usu. c. ad and acc. which is common also with the others).—If praiso
106 2835 2021 2902 cannot induce (lit. allure, q. v.) you to act rightly. Si te laus allicere ad
108 2899 952 2961 recte fciendum non potest. Cic.
42 2960 1055 3028 inducement. Stĭmŭlus, incĭtamentum.
42 3027 601 3079 induction. Inductio.
46 3090 2023 3157 to indulge, i. e. gratify, humour. Indulgeo, 2; obsĕquor, 3 (not applied te
110 3154 2025 3223 indulging a child).—The senate indulged your request. Concessit aenats
108 3218 2023 3285 postulationi tuæ. Cic. — Unless we are very self-indulgent inded.
114 3283 1097 3348 Nisi nosmet ipsos valde amamus. Cic.
47 3345 2026 3410 indulgence. Indulgentia; i. e. permission or pardon, vĕnia; i. e. a favour,
110 3413 266 3471 grātia.
47 3470 1153 3536 indulgent. Blandus, bĕnignus.—See kind.
49 3531 1183 3600 indulgently. Indulgenter, blande, bĕnigne.
50 3592 1390 3664 to indurate, i. e. to harden, q. v. Dūro, 1; induro.
50 3652 1373 3726 industrious. Navus, industrius, dīlĭgens, strēnuus.
51 3712 1229 3789 industriously. Industrie, dīlĭgenter, strenue.
52 3775 879 3847 industry. Industria, dīlĭgentia.
