1983 3863
23 17 1124 85 infamously. Fœde, turpĭter, ignomĭniose.
23 81 1956 148 infamy. Infamia, ignōmĭnia, dedecus -ŏris, set.; turpĭtūdo.—Of an ctiss
88 150 466 210 only, ătrōcitas.
23 210 524 273 infancy. Infantis.
25 274 887 340 an infant. Infans.—Ses child.
22 338 1956 404 infantry. Pĕdĭtātus, 4; pĕdes —itis, masc., in sing. or pl.—An infntry
85 402 1958 466 soldier, pēdes. — The infantry, milites, as opp. to equites, Cæs. —
88 466 1959 536 Sullius, who had served in the infantry. Sullius qui pedestria stipendi
87 533 432 581 fecerat. Liv.
24 595 1402 662 of infantry. Pĕdestestris —tre, also pedestris —tre.
23 660 702 721 to infatuate. Infătuo, 1.
23 724 595 774 infatuated. Dēmens.
22 787 665 839 infatuatiou. Dementia.
23 852 599 913 to infect. Inf ĭcio, 3.
22 913 868 980 infection. Contāgio, contāgium.
21 975 1954 1045 infectious.—When a boundlese evil was creeping infsctioualy throngh the
87 1042 1952 1109 city, and spresding more widely every day. Cum serperet in urbe in
87 1108 1280 1169 finitum malum, manaretque indies latius. Cic.
22 1171 1617 1232 infecundity. Stĕrĭlĭtas, infecunditas. Tac.—See barrenness.
23 1236 624 1298 infelicity. Infelīcĭtas.
23 1299 1060 1363 infelicitous. Infelix.—See unfortunate.
21 1361 1949 1425 infelicitously. Male, infelĭcĭter.—Because, when tried before, it (i. e.
87 1424 1951 1495 war) had turned out infelicitously. Quia tentatum (bellum, .) antea,
91 1494 619 1543 secus cesserat. Sall.
21 1555 1213 1619 to infer. Infĕro, irr.; collĭgo, 3; conclūdo, 3.
22 1618 577 1670 inference. Inductio.
19 1679 1949 1747 inferior. Infĕrior, mĭnor, inferior, 4; impaaăris.—Nor were they vy
85 1743 1948 1810 inferior in vlour to our men. Neque multum cedebant virtute nostrs.
87 1811 201 1859 Cæs.
19 1873 907 1937 inferiority, in number. Paucĭtas.
21 1937 853 2002 in an inferior degree. Mĭnus.
18 1994 1949 2068 infernal (of the shades below). Infernns, infĕrus, usu. in pl., of the infd
82 2067 1753 2131 gods, the shades below, &c.; i. e. detestable, ŏdiōsus, detestabĭlis.
19 2130 827 2195 to infest. Infesto, 1; vexo, 1.
20 2195 516 2246 inldel. Inf ĭdelis.
18 2258 1758 2323 infldelity. Infĭdelĭtas (not of course in our sense of not Christian).
17 2321 931 2376 infinite. Infīnĭtus.—See immense.
19 2385 574 2448 ininitely. Infīnīte.
20 2449 615 2506 infinitude. Infīnitas.
20 2510 1952 2581 infirm. Infirmus, invălĭdus (sometimes used abs. for infirmity of pupt).
87 2581 1232 2645 dēbĭlis (see weak); infirm health, invălētūdo.
20 2641 862 2703 infirmity. Infirmĭtas, dēbilitas.
20 2707 890 2772 to infix. Fīgo, 3; inf ĭgo, dēfigo.
20 2766 1951 2835 to inflame, in every sense. Incendo, 3; accendo, inflammo, 1; i. e. ercite,
85 2833 770 2900 q. v., excĭto, 1; stĭmŭlo, 1.
22 2893 1956 2964 to be inflamed (with any passion), Inflammor, ardeo, 2; exardesco, 3;
20 2956 1957 3031 inflammable.—No material is inflammable till you apply fire to it. Nulh
84 3021 1955 3097 materies, nisi admoto igni, ignem concipere potest (lit., can catch fire). Cic
20 3092 970 3145 inflammation. Inflammatio. Plin.
20 3157 1112 3219 inflammatory, i e. seditious. Sēdĭtiosus.
22 3222 1498 3285 to inflate. Inflo, 1; i. e. with pride, joy, &c., effero, irr.
20 3286 1268 3350 inflation. Inflatio; with pride, joy, &c., elatio.
21 3350 984 3410 to inflict. Inflecto, 3.—See to bend.
19 3412 1220 3478 inflexible. Immōtus, firmus.—See inexorable.
20 3473 759 3535 inflexibly. Firme, firmĭter.
21 3535 1954 3603 to inflict, a blow, &c. Inflĭgo, 3; punishment, irrŏgo, 1.— Punishmet
86 3595 1955 3666 was inflicted on Cethegus in the same manner. De Cethego eodem modo
85 3657 1288 3729 supplicium sumptum eat. Sall.—See to punish.
19 3716 1953 3794 infliction; of punishment. Irrogātio.—An infliction, i. e. a calamity (q. t.)
84 3780 475 3840 dŏlor, damnum.
