2021 3887
23 19 1990 84 influence. Auctōrĭtas, pŏtestas.—Fortune has great influence in both di-
91 85 1991 147 rections. Magna vis est in fortunâ in utramque partem. Cic—As I had
89 147 1990 214 now great influence with him. Quum mihi cum illo magna jam gratia
92 211 1995 275 esset. Cic.—Men who have great influence with me, both on account of
93 276 1992 340 their services to me and their own dignity. Qui apud me et beneficiis et
92 341 958 404 dignitate plurimum possunt. Cic.
32 386 1991 467 to influence. Mŏveo, 2; to any particular line of conduct, suadeo, 2; hor-
90 469 547 532 tor, 1; impello, 3.
23 530 1992 592 influential. Pŏtens, grātiŏsus, sometimes c. dat. of those with whom.—
87 596 793 660 Very influential, præpotens.
21 657 1992 722 an inlux. Affluentia; of people, concursus, 4.—Then there was an influx
86 724 1993 791 of troops, as each could arrive. Deinde ut quque potuerant copiæ afflu-
84 791 413 839 ebant. Liv.
21 851 1994 916 to inform, i. e. tell (q. v.), announce to. Dīco, 3; nuntio, 1. both c. dat.;
85 917 1997 981 dŏceo, 2, c. acc.; i. e. educate (q. v), informo, 1.—They inform him of
83 980 1993 1045 what has been dene. Eum de rebus gestis certiorem faciunt. Cæs.—
84 1044 1991 1096 He informed me of his intention. Certiorem me sui consilii fecit. Cic.
84 1108 1991 1174 (Virg. has, Anchisen facio certum; but it does not occur in the positive in
84 1172 1990 1235 this sense in prose.)—When Cæsar was informed by his spies... Ubi
81 1237 1387 1300 per exploratores Cæsar certior factus est... Cæs.
19 1299 1990 1366 to inform against.—If he had not informed against him to any one. Si
81 1363 1992 1424 hic nemini nomen detulisset. Cic.— All these things the informers
79 1428 1992 1494 gave information of, and the prisoners coufessed them. Hæc omnia indices
84 1493 966 1550 detulerunt, rei confessi sunt. Cic.
20 1557 994 1620 informal. Abnormis.—See irregular.
19 1622 661 1673 an informant. Auctor.
19 1682 1991 1750 information, i. e. news. Nuntius; i. e. learning, q. v., ērŭdftio.—An in-
82 1749 1576 1814 formation of a crime, or against any one, dēlātio, indĭcium.
18 1812 1318 1873 an informer. Index -ĭcis, masc.
19 1878 597 1929 infraction. Viŏlatio.
19 1939 820 2004 infrequency. Rarĭtas. Plin.
17 2006 559 2068 infrequent. Rārus.
18 2068 1525 2135 to infringe. Viŏlo, 1; rumpo, 3; perrumpo, perfringo, 3.
20 2135 858 2198 an infringer. Vĭolator, ruptor.
18 2200 974 2259 to infuse. Infundo, 3; immisceo, 2.
20 2263 717 2313 infusion. Infūsio. Plin.
20 2325 1875 2391 ingenious. Ingĕniosus, sōlers, callĭdus, ăcūtus.—In argument, argūtus.
18 2390 1612 2456 ingeniously. Ingĕniōse, callĭde, ăcūte.—Of arguing, argūte.
18 2454 1993 2518 ingenuity. Sōlertia, callĭdĭtas, ăcūmen -ĭnis, aeut.—In argument, argūtiæ,
77 2521 285 2582 pl. fem.
19 2580 1489 2648 ingenuous. Ingĕnuus, candĭdus, sincērus, simplex -icis.
19 2645 1397 2712 ingenuously. Ingenue, candide, sincēre, simplĭcĭter.
19 2710 1319 2775 ingenuousness. Ingĕnuĭtas, *candor, simplĭcĭtas.
20 2774 1993 2841 inglorious, i. e. without glory. Inglōrius, ignōtus; i. e. discreditable, indĕ-
85 2838 723 2901 cōrus, ĭnhŏnestus, turpis.
24 2893 708 2968 ingloriously. Inhŏneste.
26 2965 782 3030 ingloriousness. Ignōmĭnis.
26 3032 514 3094 an ingot. Massa.
24 3095 988 3158 to ingraft. Insĕro, 3.—See to graft.
25 3158 1995 3223 to ingratiate oneself with men, and to win them over to be willing to serve
91 3224 1998 3287 them. Conciliare animos hominum et ad suos usus adjungere. Cic.—
95 3286 1996 3352 I see that you will be of great use to me in my object of ingratiating my-
92 3349 1996 3400 aelf with them. Ad eorum voluntatem mihi conciliandam maximo te mihi
93 3415 641 3465 usui fore video. Cic.
28 3477 1994 3543 ingratitude.—I shudder at the charge of ingratitude. Ingrati animi cri-
95 3543 1995 3608 men horreo. Cic—With great ingratitude they abuse our kindness.
98 3608 1119 3671 Ingrati nostrâ facilitate abutuntur. Cic.
30 3670 1169 3736 ingredient. To be an ingredient in, insum.
31 3734 1239 3798 ingress. Ingressus, 4; introĭtus, 4; ădĭtus, 4.
33 3799 603 3864 to ingulf. Sorbeo, 2.
