2008 3863
25 18 1048 80 to inhabit. Hăbĭto, 1; cŏlo, 3; incolo.
20 82 1950 147 inhabitant of any place. Hăbĭtātor, incŏla, masc.—Of a country, cŏlōnun,
86 153 240 200 cultor.
21 211 974 277 to inhale. Spiro, ĭnhalo.
16 276 731 340 inhaling, subst. Aspĭrātio.
22 332 1198 402 to inhere. Inhæreo, 2; inhæresco, 2; insum.
22 404 752 467 inherent. Insĭtus, præsens.
24 465 1951 530 to inherit..—The Barcine faction exerting themselves that he might in-
87 532 1952 595 herit his father's influence. Barcinis nitentibus ut in paternas succederet
87 596 835 660 opes. Liv.—See inheritance.
10 657 1983 727 inheritance. Hærēdĭtas.—When you yourself had not succeeded to the
86 723 1948 792 inheritance of your father. Cum ipse hæreditatem patris non adisse.
88 787 1948 849 Cic.—And that very day I succeeded to an inheritance by will. Boque
88 850 1631 916 ipso die ex testamento crevi (from cerno) hæreditatem. Cic.
24 917 968 978 inheritor. Hæres -ēdis, masc., fem.
23 978 1469 1038 inharmonious. Absŏnus, dissŏnus, raucus, discors -dis.
22 1031 1075 1108 inhospitable. Inhospĭtus.
23 1098 817 1170 inhospitality. Ĭnhospĭtālĭtas.
23 1161 715 1238 inhospitably. ĭnhūmane.
25 1234 1948 1298 inhuman. Inhūmānus, immĭtis, immānis, immansuetus, crūdēlis, sævu,
89 1302 597 1361 ătrox, fĕrus, effĕrus.
25 1354 1279 1427 inhumanity. Inhūmanĭtas, crūdēlĭtas, sævĭtia.
25 1428 1365 1493 inhumanly. Inhūmāne, sæve, crūdēlĭter, ătrōcĭter.
28 1494 1025 1556 to inhume, Sĕpĕlio, 4.—See to bury.
26 1557 887 1620 to inject. Injĭcio, 3; infundo, 3.
25 1610 1176 1681 inimical. Inĭmĭcus, adversus.—See adverse.
24 1677 1945 1751 inimitable. Unĭcus, ĭnĭmĭtabĭlis (Quint.); i. e. excellent, q. v., ēgrĕgi,
89 1747 1948 1809 exĭmius.—Truth is always inimitable. In omni re imitationem vicit
90 1814 426 1862 veritas. Cic.
24 1870 763 1942 inimitably. Ūnĭce, ēgrĕgie
25 1931 1409 2006 iniquitous. Inĭquus, injustus, nĕfarius.—See wicked.
26 2004 831 2070 iniquitouslv. Inīque, nĕfarie.
24 2059 1210 2135 iniquity. Inīquĭtas, scĕlus—See wickedness.
26 2133 1143 2194 to initiate. Initio, 1; i. e. instruct, erudio.
27 2196 779 2262 initiation. Initiatio. Suet.
27 2261 693 2326 injudicious. Imprūdens.
26 2325 795 2390 injudiciously. Imprūdenter.
27 2391 978 2455 injudiciousness. Imprūdentia.
26 2453 1953 2519 injunction, i. e. command, q. v. Præceptum, mandatum; i e. legal edit,
93 2520 301 2568 ēdictum.
29 2580 1953 2648 to injure. Lædo, 3 (the only word for inflicting personal injury); nŏceo, 2;
92 2646 1952 2709 obsum (esp. so as to stand in the way of one's success, &c.); so obsum,
96 2710 853 2771 offĭcio, 3; obsto, 1; obsisto, 3.
29 2770 1953 2836 injurious. Pernĭciōsus, damnōsus, noxius, injuriōsus (esp. so as to be insult-
94 2835 1954 2904 ing); i. e. insulting, contumēliōsus; i. e. unjust, injustus, injūrius (of an
94 2901 411 2964 action only).
32 2962 1954 3028 injuriously. Permĭciose, damnōse, injūriōse; i. e. unjustly, injuste; i. e. in-
98 3031 683 3094 sultingly, contumeliose.
33 3093 1955 3162 injury. Injūria, dētrīmentum, damnum, noxa.—Destructive injury, pe
98 3153 1955 3218 nĭcies.—On which account bad princes do the more injury to the
97 3219 1956 3284 republic, because they not only cherish vice themselves, but infuse it into
98 3283 1957 3347 the state; nor do they injure it only inasmuch as they are corrupted them-
98 3344 1958 3411 selves, but also as they corrupt others; and they do more injury by their
97 3408 1958 3474 example than by their own misconduct. Quo perniciosius de republic
97 3474 1958 3538 merentur vitiosi principes quod non solum vitia concipiunt ipsi, sed ea i-
96 3536 1959 3606 fundunt in civitatem; neque solum obsunt quod ipsi corrumpantur sed etiam
99 3596 1677 3665 quod corrumpunt, plusque exemplo quam peccato nocent. Cic.
34 3654 1409 3729 injustice. Injūris, injustĭtia, fraus (esp. of a judge).
34 3708 533 3766 ink. Ătramentum.
36 3771 678 3839 inky. Aȳ̄Œtrum.
