2036 3882
111 17 2011 87 permanes. Cic—Again and again I press and urge you, I pursue you,
114 82 2010 148 I demand, I insist upon hearing the charge. Etiam atque etiam insto
110 147 2010 214 atque urgeo, insector, posco atque adeo flagito crimen. Cic.—I insist
112 210 1993 275 upon this to you. Ego hoc tibi confirme. Cic.—See to demand, to assert.
54 271 621 337 insobriety. Ebriĕtas.
54 337 637 402 insolence. Insŏlentia.
53 400 882 465 insolent. Insŏlens.—See proud.
51 463 660 528 inselently. Insŏlenter.
50 527 722 594 insoluble. Indiŏlūbĭlis.
50 592 2004 657 insolvent.—When the republic was insolvent. Cum solvendo ære alieno
106 656 2006 724 respublica non esset. Liv.—You were completely insolvent, and thought
105 721 2001 791 you could not be saved but by the ruin of the state. Tu nec solvendo eras,
104 786 1843 883 nec te nllo modo nisi evernâ republicâ incolumem fore putabas. Cic.
15 848 893 909 insomuch that. Ita ut; also ut.
46 885 1704 977 to inspest. Specto, 1; inapecto, inspicio, as a overseer, cūro, 1.
43 976 1738 1043 inspection. Inspectio (Quint.); i. e. of an overseer, cūratio, cūra.
42 1039 1394 1105 inspector. Inspector (Plin.); i. e. overseer, cūrātor.
41 1103 752 1169 inspiration. Instinctus, 4.
41 1169 2001 1234 to inspire. Inspīro, 1; i e. to excite, q. v., atĭmŭlo, 1; excĭto, 1.—We
102 1233 2002 1300 have leant to believe that a poet is as it were inspired by a certain divine
99 1296 2000 1364 inspiration. Accepimus poetam quasi divino quodam spiritu inflari. Cic.
43 1360 2001 1429 to inspirit. Stĭmŭlo, 1; confirmo, 1.—Our men were inspirited. Nostris
97 1427 1158 1492 animis augetur. Cæa—See to encourage.
41 1486 1252 1581 instability. See change.
41 1554 275 1602 an insta
275 1555 686 1616 ment. Pensio.
41 1587 682 1681 to install. Inaugŭro, 1.
39 1681 1996 1750 an instance. Exemplum; for instance, verbi causâ, verbi gratia beth in Cic.
37 1745 962 1797 at his instance. Eo auctore. Cic.
40 1808 971 1870 to instance. Affĕro, irr.; lado, 1.
38 1870 745 1938 instant. Instans, præsens.
36 1936 705 1990 an instant. Mōmentum.
35 1999 1489 2071 instantly. Prōtĭnus, extemplo, stătim, illĭco, confestim.
35 2063 1996 2131 instead of. Pro.—So that, as to his age, he may be to you even instead
93 2131 1676 2197 of a son. Ut vel filii tibi loco per ætatem esse potueret. Cic.
34 2192 1792 2261 to instigate. Impello, 3; instīgo, 1; hortor, 1; incĭto, 1; stĭmŭlo, 1.
35 2256 1460 2324 instigation. Impulsio, instigātio, portatio, portatus, 4.
34 2321 1821 2388 instigator. Impulsor, hortātor, auctor, c. gen. of the course proposed.
34 2386 597 2446 to instil, Instillo, 1.
36 2447 652 2511 instinct. Instinctus, 4.
36 2509 1635 2579 to institute. Stătuo, 3; instituo, constituo.—See to establish.
36 2576 1043 2642 an institution. Instĭtutum, instĭtūtio.
36 2640 1637 2704 to instruct. Dŏceo, 2; ērŭdio, 4; instĭtuo, 3.—See to tesch.
35 2702 912 2771 instruction. Disĭplīna, ērŭdītio.
38 2769 1015 2835 an instructor. Doctor, măgister -tri.
35 2826 1270 2899 instructive. Utĭlis; of a speech, &c., cōpiōsus.
35 2891 1357 2963 instructively. Ūtĭlĭter; of a speech, &c., cōpiōse.
34 2960 1620 3025 an instrument. Instrūmentum; in pl. arma -orum, pl. neut.
33 3021 1989 3091 instrumental.—Fear is very instrumental in making men keep watch dili-
91 3088 1989 3156 gently. Metus plurimum confert ad diligentiam custodiendi. Cic.—So
90 3154 432 3205 affero is used.
33 3212 1520 3282 insufferable, insupportable. Intŏlĕrabĭlis, intŏlĕrandus.
33 3278 970 3345 insufferably. Intŏlĕrabĭlĭter. Col.
32 3340 1702 3414 insufficient (for a purpose). Impar -ăris, dispar.—See sufficient.
33 3403 910 3473 insufficiently. Părum, non sătis.
33 3470 558 3526 insular. Insŭlānus.
34 3533 1988 3603 insult. Injūria. Contŭmēlia.—By way of insult, per ludibrium. Cic.
35 3599 1109 3662 to insult. Dērĭdeo, 2; irrīdeo, illūdo, 3.
33 3659 1017 3729 insulting. Injūriōsus, contŭmēliōsus.
33 3725 1014 3793 insultingly. Injūriose, contŭmēliose.
32 3785 1380 3858 insuperable, insurmountable. Ĭnexsŭpĕrabĭlis.
