2053 3852
18 17 647 88 to insure. Confirmo, 1.
18 84 723 154 an insurgent. Sedĭtiōsus.
19 142 1107 203 an insurrection. Sedĭtio.—See rebellion.
20 193 1814 283 integrity, in every sense. Intĕgrĭtas, i. e. honesty, prŏbĭtas, justĭtia.
22 262 1563 346 of integrity, man, &c. Prŏbus, intĕger -gra -grum, justus.
24 332 1108 409 integument. Invŏlūcrum.—See covering.
25 392 1603 466 intellect. Mens, ingĕnium, intellĭgentia, intellectus, 4. Tac.
25 445 1946 530 intellectual, i. e. clever. Ăcūtus, ingĕniosus.—What we shall say in the
91 509 1946 594 case of less important studies, which, however, are still intellectual. Qui
92 587 1215 660 in levioribus studiis, sed tamen acutis? Cic.
29 637 1948 729 intelligence (see intellect), ăcūmen -ĭnis, at;
95 721 851 783 callĭditas; i. e. news, nuntius.
30 779 1273 853 intelligent. Ăcūtus, săgar, callĭdus, perspicax.
32 847 911 916 intelligently. Săgācĭter, callĭde.
33 897 1820 980 intelligible. Perspĭcuus, ăpertus, planus, evĭdens, făcĭlis, explĭcātus.
33 972 1312 1044 intelligibly. Plane, ăperte, explĭcate, explanste.
35 1019 1954 1106 intemperance, in every sense. Intempĕrantia; esp. of conduct, immŏdl
101 1104 779 1176 rātio, lĭcentia, intemperies.
38 1148 1957 1235 intemperate. Intempĕrans, dissŏlūtus; esp. in conduct, immŏdĕratus, eē
40 1275 1959 1370 intemperately. Intempĕranter, intempĕrāte, immodĕrte, effrenate, di
105 1368 268 1417 sŏlūte.
43 1401 1961 1488 to intend. Vŏlo, irr.; cōgĭto, 1; stătuo, 3; constituo, instituo.—See in
110 1494 295 1543 tention.
43 1525 1132 1622 intended, intentional. Prōpŏsĭtu.
44 1611 659 1672 intendant. Præfectus.
45 1659 1970 1744 intense. Magnus, ingens, immŏdĕratus.—Of labour, &c., strēnuus, vebi
110 1737 1428 1806 mens.—Of anxiety, eagerness, &c., ardens, fervĭdus.
48 1805 1268 1871 intensely. Magnŏpĕre, vehĕmenter, admŏdum.
49 1871 857 1935 intensity. Vehĕmentia, ardor.
49 1914 1979 1997 intent, intention. Consĭlium, prōpŏsĭtum, instĭtūtum.—Under the guid
114 1981 1980 2064 ance of the immortal gods, fellow citizens, I have adopted this intentiom
113 2044 1982 2116 and resolution. Diis immortalibus ducibus hanc mentem, Quirites, volun
117 2108 1983 2193 tatemque suscepi. Cic—For he had an intention of disinheriting him.
119 2175 1986 2260 Nam istum exhæredare in animo habuit. Cic.—He formed the inte
119 2242 1987 2319 tion of removing the kings of the Lacedæmonians. Consilia iniit rege
122 2299 1990 2380 Lacedæmoniorum tollere. Nep.—Having arranged everything according
122 2363 1988 2442 to his intention, he set out for Numidia. Omnibus ex sententiâ composii
120 2446 956 2510 in Numidiam proficiscitur. Sall.
56 2511 753 2562 intentional. Vŏluntārius.
57 2565 1515 2637 intentionally. Ex industriâ (Liv.); de industriâ. Cic.
56 2627 1700 2701 intent, aj. Attentus, intentus, c. ad and acc. of that in which.
58 2701 775 2763 intently. Attente, intente.
61 2761 1186 2825 intentness. Intentio, attentio animi. Cic.
62 2825 1244 2892 to inter. Hŭmo, 1; sĕpĕlio, 4.—See to bury.
61 2882 1747 2955 intercalary. Intercālarius.—An intercalary space, intercālārium.
64 2952 1362 3016 to intercalate. Intercalo, 1 (Plin); interpōno, 3.
64 3019 996 3083 intercalation. Intercalatio. Plin.
67 3065 2015 3145 to intercede.—I have always been interceding to avert the dangers of my
130 3125 2017 3214 friends. Semper pro amicorum periculis deprecatus sum. Cic.—He could
132 3189 2020 3276 not even obtain the privilege of interceding for the life of most honourable
134 3255 2020 3333 and innocent citizens. Ne hoc quidem juris obtinuit ut unius honestissimi
134 3328 1833 3396 atque innocentissimi civis mortem et sanguinem deprecaretur. Cic.
73 3378 2020 3468 to intercept. Intercĭpio, 3; intercludo, 3.— Because he had intercepted
139 3451 2020 3533 the supplies of the enemy. Quod re frumentariâ adversarios interclusissct
138 3521 253 3570 Cæs.
77 3580 872 3659 an intercepting. Interceptio.
76 3646 762 3718 intercession. Dēprĕcatio.
77 3696 2028 3782 intercessor. Dēprĕcator, c. gen. of the evls threatened, or of the peron fs
143 3766 676 3828 whom one intercedes.
