2012 3882
52 18 1061 84 iatolerance. Intŏlĕrantia, impătientia.
55 84 655 148 intolerant. Impătiens.
50 147 756 211 intolerantly. Impătienter.
51 203 886 272 to intoxicate. Inēbrio, 1. Plin.
50 270 915 334 intoxicated. Ebrius, temŭlentus.
50 333 675 389 intoxication. Ebriĕtas.
50 402 1397 464 intractable. Indŏcĭlis, intractabĭlis.—See obstinate.
50 468 1224 530 to intreneh. Mūnio, 4; vallo, 1; circumvallo.
48 531 1283 591 intrenchment. Vallum, mūnĭtio, munīmentum.
45 593 1823 659 intrepid. Intrĕpĭdus, impăvĭdus, imperterritus.—See bold.
44 657 1018 721 intrepidity. Audācia.—See boldness.
42 720 899 786 intrepidly. Intrĕpĭde. impăvĭde.
41 784 860 850 intricacy. Implicatio, confusio.
38 848 1151 917 intricate. Implĭcātus, confūsus, perplexus.
36 913 863 979 intricately. Confūse, perplexe.
37 975 1426 1042 intrigus. Artĭfĭcium. ars -tis. fem.; fraus -dis, fem.
38 1044 1989 1106 to intrigue. Māchĭnor.—New men strive to attain eommands and
93 1107 1986 1174 honours by trick and intrigue rather than by honourable means. Novi
91 1170 1988 1238 homines furtim et per latrocinia potius quam bonis artibus ad imperia et
90 1236 696 1285 honores nituntur. Sall.
33 1298 704 1361 an intriguer. Vĕĕrrtor.
31 1360 1239 1428 intriguing. Vĕtĕratōrius; of a design, tectus.
32 1427 557 1477 intrinsic. Natīvus.
31 1489 663 1554 intrinsically. Re vera.
31 1555 1987 1621 to introduce. Intrōdūco, 3; induco; i. e. to admit, admitto, 3.—To
87 1621 1193 1680 introduce a friend to another, commendo, 1.
28 1680 1982 1745 introduction. Introductio; of one friend to another, commendatio.—I
91 1748 1984 1811 had determined to send you no letters except those of introduction.
88 1812 1705 1864 Statueram nullas ad te litteras mittere nisi commendatias. Cic.
28 1876 1983 1935 to intrude. Intervĕnio, 4.—He even intruded and thrust himself into
85 1941 1730 2003 the business. Atque etiam se ipse inferebat et intrudebat. Cic.
24 2001 1007 2064 intrusion, of oneself. Interventus, 4.
24 2066 592 2117 intrusive. Mŏlestus.
25 2131 1978 2194 to invade. Invado, 3; c. acc. or c. in and irrumpo, 3; c. in and acc.;
82 2198 954 2254 incurro, 3; c. acc. or c. in and acc.
23 2258 673 2322 an invader.—See enemy.
22 2321 1980 2387 invalid, i. e. not well. Æger -gra grum, invălĭdus, infimus; i. e. not
82 2388 1979 2451 vahd; of a decree, &c., irrĭtus.—Do you then think the Titian laws
79 2451 1516 2516 absolutely invalid? Igitur tu Titias leges nullas putas?
22 2514 1007 2565 the state of an invalid. Invăletudo.
21 2580 1738 2642 to invalidate. Infirmo, 1; lăbĕfacto, 1.—An accusation, dluo, 3.
20 2641 568 2706 invalidity. Vĭtium.
21 2706 753 2759 invaluable. Inæstĭmabĭlis.
21 2770 1172 2835 invariable. Immūtābĭlis, constans, stăbĭlis.
21 2835 1150 2895 invariableness. Immūtābĭlĭtas, constantia.
19 2896 872 2963 invariably. Semper, constanter.
20 2960 771 3028 invasion. Irruptio, incursio.
20 3024 854 3090 invective. Invectio, convīcium.
22 3092 1975 3157 to inveigh against. Invehor, 3; as dep. with part., invehens, c. in and
83 3159 920 3216 acc.; insector, 1.—See to attack.
22 3220 946 3284 an inveigher against. Insectātor.
21 3283 1659 3347 to inveigle. Illĭcio, 3; pellĭcio, irretio, 4; capio, 3; dēlēnio, 4.
22 3345 1973 3411 inveiglement, i. e. means of inveigling. Illĕcĕbra, usu. in pl. dēlēnīmentum.
22 3410 1975 3475 to invent. Invĕnio, 4; rĕpĕrio, 4; excōgĭto, 1.—Things or systems with
86 3478 1088 3540 no real existence, comminiscor, fingo, 3.
20 3536 1978 3605 invention, i. e. the power of inventing. Inventio, excōgĭtatio; i. e. the thing
87 3604 1529 3668 invented, inventum; i. e. a groundless story, commentum.
21 3666 648 3732 invention. Ingĕniōsus.
20 3731 1379 3798 an inventor. Inventor, fem. -trix; rĕpertor, auctor.
17 3794 883 3859 an inventory. Index -ĭcis, masc.
