2037 3872
56 18 684 81 at least. Saltem, certe.
56 83 695 141 leather. Cŏrium, ălūta.
56 147 1036 198 a leather dresser. Cŏrisrius. Plin.
55 208 2013 277 leave, i. e. permission. Vĕnia, lĭcentia, permissio; i. s. furlough, commeātus,
114 274 2011 337 4.—Whose judgment, if you will give me leave to say so, I far prefer to
113 338 2011 402 yours. Cujus judicium, pace tuâ dixerim, longe antepono tuo. Cic.—
118 401 2010 465 With Cato's leave. Pace Catonis. Cic.—Leave was given to the
112 465 2009 530 owners to carry with them what property of their own they could. Re-
113 529 1878 592 rum suarum quas possent, ferendarum secum dominis jus fiebat. Liv.
55 593 1290 656 to have leave. Mihi licet, impers.—See lawful.
54 657 2008 720 to leave. Linquo, 3; rĕlinquo, dērelinquo, dēsĕro, destĭtuo; i. e. to be-
111 720 2007 788 queath, lēgo, 1.—To leave off (a habit, &c.), pono, 3; ŏmitto, 3; abjĭcio, 3;
107 784 2013 847 exuo, 3.—To leave out, prætĕreo, 4; omitto, 3.—The recollection of
106 848 2006 913 that excellent man never leaves my mind. Nunquam ex animo meo dis-
107 911 2007 975 cedit illius optimi viri memoria. Cic.—The question of peace or war
107 976 2010 1040 was left wholly to Quintus. Liberum arbitrium pacis ac belli Quintio
105 1040 800 1103 permissum.—See to depart.
45 1078 1358 1169 to be left, i. e. remain over and above. Supersum.
43 1167 784 1218 leaven. Fermentum. Plin.
42 1230 879 1284 leavened. Fermentatus. Plin.
42 1294 610 1356 leavings. Rēlĭquiæ.
42 1358 701 1411 lecherous. Lĭbĭdĭnōsus.
40 1421 513 1483 lechery. Lĭbĭdo.
41 1487 1865 1552 a lecture, i. e. warning, q. v. Monitum, monitus, 4; admonitus.
40 1551 1394 1615 to lecture. Mŏneo, 2; admoneo.—See warn, teach.
38 1614 1257 1681 a ledge. Margo —ĭnis, masc., more rarely fem.
38 1678 602 1740 lees. Fæx -cis, fim.
38 1742 522 1791 a leech. Hĭrūdo.
37 1807 496 1857 a leek. Porrum.
37 1864 2006 1937 left, adj. Rĕlĭquus.—Left remaining, surviving, &c., sŭperstes -ĭtis.—
101 1933 2007 1999 Left (of the hands), lævus, sĭnister -tra -trum; but compar. sĭnistĕrior
98 1999 1015 2060 (both used for ''on the left hand'').
37 2057 1098 2119 to the left, on the left. Sinistrorsum
35 2127 709 2189 a leg. Crus, crūris, neut.
33 2191 592 2253 a legacy. Lēgātum.
31 2252 1965 2320 legal, according to law. Lēgĭtĭmus, justus, i. e. of the law, legalis. Quint.
32 2318 720 2383 legally. Lēgĭtĭme, juste.
33 2383 560 2446 a legate. Lēgātus.
31 2446 1011 2510 a legatee, Hæres -dis, masc., fem.
29 2509 606 2573 a legation. Legātio.
30 2572 548 2637 a legend. Fabŭla.
29 2638 666 2702 legendary. Fabŭlōsus.
29 2701 498 2769 a legion. Lĕgio.
30 2765 728 2830 of a legion. Lĕgiōnarius.
27 2826 1122 2896 a legislator. Legīslator, also lēgumlator.
27 2887 884 2956 legislation. Legum latio. Cic.
28 2957 698 3020 legislature. Sĕnatus, 4.
27 3020 681 3084 legitimate. Lēgĭtĭmus.
26 3085 707 3149 legitimately. Lēgĭtĭme.
26 3142 1998 3211 leisure. Otium.—When we rejoice in leisure from all kinds of trouble.
92 3212 1302 3276 Cum vacuitate omnis molestiæ gaudemus. Cic.
22 3270 2000 3338 at leisure, adj. Otiōsus, văcuus, c. abl. of that from which.—Although
91 3340 2003 3403 you are busy, still you have more leisure than I; or if even you are not at
90 3405 2002 3466 leisure, be not destitute of shame. Quamvis enim occupatus sis, otii tamen
88 3467 2001 3531 plus habes; aut si ne tu quidem vacas, noli impudens esse.—Things
89 3530 2001 3597 which I have taken up of late, in a cursory manner; in my leisure hours, as
87 3594 1999 3660 they say. Quæ ego sero, quæ cursim arripui, quæ subsecivis operis, ut aiunt.
89 3659 1276 3723 Cic. [Elsewhere he says, subseciva tempora.]
19 3722 1122 3786 in a leisurely manner. Otiōse, segnĭter.
17 3785 1838 3848 a lemon. Malum Mēdĭcum.—The tree, malus Mēdica; both in Plin.
