2044 3898
116 18 2022 89 either what to do or what reply to make. Non deerit sapienti nec quid
114 82 2013 149 fsciat nec quid respondeat. Cic.—When I was at a loss to know where
72 149 2013 214 you were. Cum incertus essem ubi esses. Cic.—The rascal was at a
112 212 2013 280 loss and did not know which way to turn. Hærebat nebulo, quo se verteret
112 278 578 328 non habebat. Cic.
55 337 1032 405 lot. Sors —tis, fem.; i. e. fate, fatum.
58 403 2010 474 to cast lots, to determine by lots. Sortior, 4; with pef. part. both in
113 473 605 534 act. and pass. sense.
53 532 1053 614 a casting of lots. Sortītio, sortītus.
51 594 741 661 by drawing lots. Sortīto.
49 658 1035 727 lotion. Lōtio (Cels.); lotus, 4 (Cels).
48 720 633 790 lotus. Lōtos —i, fem.
47 785 687 853 lottery. Sors, -tis, fem.
44 848 725 916 larĭsŏnus.
43 915 2010 989 loudly.—I say with as loud a voice as I can. Quam multâ possum voce
57 983 378 1034 dico. Cic.
45 1045 1001 1110 to be, or become loud. Claresco, 3.
42 1109 938 1163 loudness. A loud noise. clāmor.
44 1166 2016 1244 to love. Ămo, 1; dĭlĭgo, 3. In poet. most of the words which mean to burn,
97 1241 2014 1308 as ardeo, 2; c. acc. or c. abl. (Cic. has arsit amore hospitii); flăgro, 1;
98 1305 2007 1371 tĕpeo, 2; căleo, 2; incaleo, prætepeo all c. abl.—You know how I
97 1368 2013 1433 love my Tullia. Scis quanti Tulliam meam faciam. Cic.—To love (as
98 1432 2010 1500 friends love), complector, 3.—To love greatly, ădamo.—Corvus, who
98 1495 2009 1563 loved all the citizens, and especially the soldiers. Corvus, omnes caritate
96 1561 2010 1627 cives, præcipue milites complexus. Liv. So Cic. has ' benevolentiâ complec-
96 1625 2007 1689 tor.''—He confesses that he has always loved a dry and uncomfortable
95 1689 2006 1756 sort of life. Fatetur sibi vitam omnino semper horridam et aridam cordi
96 1754 414 1803 fuisse. Cic.
35 1810 2010 1882 love. Ămor; i. e. great goodwill, affection, cārĭtas, bĕnĕvŏlentia, stŭdium.
92 1882 1206 1946 —My love! Meum corculuml Plaut.
35 1936 589 1996 loveable. Ămabĭlis.
34 2008 2010 2095 loved. Amatus, dilectus, cārus; of those more distant than relations, ac-
88 2085 258 2137 ceptus.
30 2137 1030 2202 loveliness. Pulchrĭtūdo—See beauty.
32 2167 2010 2267 lovely, adj. Amabĭlis; i. e. beautiful (q. v.), pulcher cbra crum; for-
27 2330 847 2393 lovely, adv. Pulchre, formose.
29 2386 1035 2480 a lover. Ămator; i. e. suitor, prŏcus.
27 2451 651 2526 loving. Ămans, c. gen.
26 2509 997 2589 lovingly. Ămanter, ămābĭlĭter.
26 2587 565 2651 a lough. Lăcus, 4.
24 2652 689 2717 to lounge. Rĕcumbo, 3.
25 2715 819 2780 lounging. Segnis.—See lazy.
26 2768 1089 2835 to lour. Nūbĭlo. Varr.—See to frown.
23 2843 540 2909 louring. Nūbĭlus.
23 2907 748 2959 a louse. Pĕdīcŭlus. Plin.
22 2962 2008 3039 of lice, lousy, &c. Pĕdīcŭlāris, pedicularius (both Plin.); pĕdīcŭlōsus,
19 3099 830 3164 loutish. Bardus.—See stupid.
18 3124 2004 3228 low (in every sense), lowly. Hŭmĭlis; of situation, depressus; of spirits,
82 3223 2004 3295 abjeetus, demissus; of situstion or spirits, jăcens; of rank, obscūrus, ig-
80 3285 2004 3359 nōbĭlis; of voice, submissus, parvus.—With the return of peace the price
81 3351 2004 3420 of corn became lower again in the city. Urbi cum pace laxior etiam annona
81 3422 409 3472 rediit. Liv.
19 3471 2004 3550 low, adv. Hŭmĭlĭter, demisse.—With low voice, submisse.— Of low birth,
18 3602 2007 3680 to be low, lie low. Jăceo.—When prices were low. Cum pretia jacerent.
17 3741 458 3806 to low. Mūgio.
17 3805 584 3875 low-born. Ignōbĭlis.
