2016 3891
32 17 1094 90 marauding. Prædātorius, prædabundus.
31 87 1188 150 a marauding expedition. Prædatio. Tac.
33 148 1736 227 to go on a marauding expedition. Prædor, 1.—See to plunder.
31 215 790 280 marble. Marmor -ŏris, ōĔăĂ'ăκ.
32 342 839 412 March, of Harch. Martius.
35 408 1987 481 a march. Prŏfectio, ĭter —ĭneris, net.—And he leade the infantry in line
91 471 1992 544 of battle at quick march against the enemy. Peditumque aciem instruc-
90 536 1142 599 tam pleno gradu in hostem inducit. Liv.
33 597 1291 670 to march. Prŏfĭciscor, 3; incēdo, 3.—See to go.
28 664 1714 735 marches, i. e. bordem. Fines, pl. masc.; confĭnia orum, pl. aeat.
28 717 440 790 a mare. Equs.
27 791 939 861 a margin. Margo -ĭnis, fem.; ōrm.
28 856 576 920 a marigold. Caltha.
27 919 1992 996 marine, maritime. Mărīnus, æquŏreus, mărĭtĭmus; i. e. belonging to
83 982 680 1051 ships, nāvālis, nautĭcus.
28 1046 1208 1114 a mariner. Nauta, nāvĭta, masc.—See sailor.
25 1108 1512 1182 a marine, i. e. a soldier to serve in the fleet. Classiārius.
26 1173 903 1245 marital. Mărītus.—See conjugal.
28 1231 632 1299 marjoram. Ămarăcus.
28 1295 750 1371 of marjoram. Ămarăcĭnus.
27 1367 1989 1437 a mark. Nŏta, signum; to serve as an indication, indĭcium.—A mark to
82 1431 408 1492 aim at, mēta.
29 1493 1989 1573 to mark. Nŏto, 1; signo, 1; i e. observe (q. v.), observo, 1; contemplor, 1;
82 1557 1096 1630 ănīmadverto, 3.—To mark out, designo.
27 1622 896 1688 one who marks. Animadversor.
26 1682 1553 1755 the act of marking or noticing. Nŏttio, ănĭmadversio.
25 1750 1593 1826 a market or market-place. Fŏrum, empŏrium, mercātus, 4.
26 1813 665 1877 market-day. Nundīnæ.
26 1874 775 1934 of a market. Nundinarius.
27 1939 1988 2017 to attend or sell in a market. Nundinor, 1 (see to buy, to sell).—One
82 2005 1247 2077 who attends in a market, nundĭnātor. Quint.
25 2068 589 2134 arl. Marga. Plin.
26 2137 959 2201 a marmoset. Cercŏpĭthecus. Plin.
24 2197 1988 2271 narriage. Matrĭmōnium, conjŭgium, connūbium; the ceremony itself, not
80 2261 1771 2337 the state, nuptiæ.— Of marriage, connūbialis, conjŭgialis, nuptiālis.
24 2325 933 2393 aariageable (of a girl). Nubĭlis.
26 2452 1986 2525 to marry, as the husband does. Dūco, 3; as the wife does, nūbo, c. dat.—
80 2518 1983 2590 And he marries his daughter to him. Eique filiam suam in matrimonium
80 2581 1984 2656 dat. Cæs.—Cæcilia when she wished to marry (i. e. establish in mar-
78 2645 1986 2724 riage) her sister's daughter. Cæcilia cum vellet sororis suæ filiam in matri-
79 2712 1986 2784 monium collocare. Cic. [Elsewhere Cic. says, locare in matrimonio.]—
82 2771 1986 2848 Who married the wife of the man whom he had slain. Qui uxorem ejus
79 2841 1984 2914 quem occiderat in matrimonium duxit. Cic. [Elsswhere he says, habuit
78 2902 464 2965 in matrimonio.]
23 2963 1984 3047 married (of man or woman). Matrimonio junctus.—Of the woman,
77 3038 223 3093 nupta.
23 3096 627 3160 narryy isterj. Immo
23 3151 865 3225 Hars. Mars, Mavors, Grădīvus.
21 3223 742 3290 a marsh. Pălus ūdis, fem.
22 3283 1981 3359 to marshal. Instruo, 3; dipono, 3; instĭtuo, 3; collŏco, 1 (with refrencs
76 3351 594 3417 to the place where).
21 3413 1054 3483 marshy. Pălūdōsus, paluster —tris —tre.
22 3480 899 3549 a mart. Mercātūra.—See market.
21 3543 1652 3621 a martencat. Ictis -ĭdis, fem. (Plin.); martes -is, fem. Mart.
19 3605 1627 3685 martial, i. e. warlike. Martius, māvortius, bellĭcus, bellĭcōsus.
19 3670 852 3738 a martialist. Mīles -ĭtis, masc.
19 3736 1171 3804 a martyr. Martyr —ĭris, masc., fem. Pind.
17 3798 925 3866 artyrom. Martĭrium. Tertull.
