2051 2668
43 15 818 85 a nag. Mannus.—Ses horse.
44 81 1303 154 a Haiad. Naĭăs and Naĭas -ădos; Nis -ĭdos.
44 145 1233 216 a nail. Clavus; on the hand or foot, unguis.
42 207 828 275 to nail. Fĭgo, 3.—See to fix.
42 272 632 338 naively. Simplĭcĭter.
41 336 619 403 naivete. Simplicitas.
40 401 2026 477 naked. Nūdus; of truth of a statement, &c., ăpertus, simpler cis; i. e.
101 466 1228 532 unarmed, ĭnermis.—Half-naked, sēmĭnūdus.
39 527 1707 604 nakedly, i. e. plainly (of a statement, &c.). Ăperte, simplĭcĭter.
35 592 628 645 nakedness. Nūdĭtas.
38 658 2027 733 name. Nomen -ĭnis, neut.; appellatie, vŏcabŭlum (of things; not, or very
100 721 2024 791 rarely, of persons).—A Christian name, prænomen (at least this was the
98 789 2023 857 name proper to the individual).—A surname, cognomen (this was the name
103 851 2019 923 of the familia or branch of the main gens to which the individual belonged,
100 914 2022 986 though nomen is more emphatically the surname or name of the gens).—
99 979 2020 1055 Name, i. e. reputation, făma, existĭmātio.—He had a great name among
100 1043 2020 1112 the advocates. Hujus magnum nomen in patronis fuit. Cic.—A nick-
94 1113 631 1172 name, cognōmentum.
32 1172 1752 1243 to name. Vŏco, 1; nōmĭno, appello, 1; i. e. point out, designo, 1.
29 1232 573 1299 nameless. Ignōtus.
29 1297 731 1365 aamely. Nempe, scĭlĭcet.
29 1360 660 1426 by name. Nōmĭnatim.
29 1424 879 1495 namesake. Cognōmĭnis. Plin.
29 1491 678 1558 nap. Sŏpor.—See sleep.
27 1553 1059 1623 a napkin. Mantēle -is, eut.; mappa.
26 1616 863 1687 Haples. Neapŏlis, Parthĕnŏpe.
26 1679 636 1736 Harcissus. Narcissus.
25 1744 1650 1820 narcotic. Sŏporĭfer -ĕra erum, somnĭfer, somnĭfĭcus. Plin.
26 1876 1136 1944 to narrate. Narro, 1; ēnarro, rĕfĕro, irr.
23 1935 603 1994 narration. Narrātio.
24 2002 579 2059 narrator. Narrātor.
27 2066 751 2133 narrow. Angustus, arctus.
27 2129 1366 2202 to narrow. Contraho, 3; arcto, 1 (Plin.); coarcto.
22 2178 2006 2268 narrowly. Arcte, anguste; i. e. closely, presse; (as to watch, &c.) attente,
83 2258 346 2322 dĭlĭgenter.
21 2328 1570 2396 narrowness, narrow circumstances, &c. Angustiæ, pl. fem.
20 2386 667 2450 nastily. Fœde, sordĭde.
18 2450 1134 2521 nastiness. Fœdĭtas, sordes -ium, pl. fem.
18 2516 982 2582 nasty. Fœdus, sordĭdus, immundus.
17 2580 726 2647 natal. Natalis, nātālĭtius.
