1985 3880
82 17 1959 88 medioe nec in alterius favorem inclinatos miserat rex. Liv.—We sall
82 84 1960 160 not now be allowed to be neutral. Medios esse jam non licebit. Cic.—
15 149 1958 229 Those who kept themselves neutral. Medii et neutram partem sæ
85 238 289 291 quentes.
19 273 1959 357 to neutralise.—To undo and neutralise all his injuries which he could. Ut
83 339 1934 414 omnes istius injurias quas modo posset rescinderet et irritas faceret. Cic.
17 404 1962 484 neutrality.—As I was not allowed to preserve a neutrality. Cum nos
86 477 1016 547 liceret mihi nullius partis esse. Cic.
18 527 1421 607 new. Nŏvus, rĕcens; i. e. unusual, q. v. Inūsĭtats.
20 602 1393 674 newly. Rĕcenter (Plin.), rĕcens. Tac.—See lately.
20 671 547 727 newness. Nŏvĭtas.
19 724 1959 797 news. Nuntius, rūmor (see report).—For I had heard no news. Nequ
84 787 1955 863 enim novi quicquam audieram. Cic.—After the news was bronght me
84 850 1951 923 of the death of Tullia. Postea quam mihi renuntiatum est de obitu Talliæ.
86 913 1954 986 Cic.—News of these events was brought to Cæsar by many people.
88 988 1125 1060 Hæc a compluribus Cæsari deferebantur.
25 1049 1346 1125 to bring news Nuntio, 1; renuntio.—See above.
23 1117 1037 1187 a newt. Stellio onis, masc.; lăcerta.
22 1177 1260 1252 next. Proxĭmus; i. e. next following, postĕrus.
23 1235 1954 1318 next, adv. Proxĭme; i. e. afterwards, dēinde, deinceps (not poet.), inde—
90 1318 316 1367 See then.
24 1362 1953 1447 next to, prep. Juxta.—Next to the gods, it depends on yon. Jut
89 1440 804 1496 deos in manu tuâ est. Tac.
25 1504 683 1568 nib, of a bird. Rostrum.
26 1571 952 1631 to nibble. Rōdo, 3.—See to gnaw.
23 1618 1943 1693 nice, to eat, &c. Lautus; i. e. elegant, ēlĕgans; i. e. lovely, ămābilis; i
91 1697 1290 1757 fastidious, fastīdiōsus; i. e. accurate, accūrātus.
26 1756 983 1823 to be nice, i. e. fastidious. Fastīdio.
25 1814 1931 1888 nicely, in every sense. Bĕne; i e. luxuriously, laute; elegantly, elĕgae.
25 1875 1947 1953 nicety, i. e. accuracy. Accurâtio; i. e. fastidiousnesa, fstidinm. To a ity
91 1954 564 2019 ad unguem. Hor.
28 2019 449 2069 a niche. Cella.
24 2060 1947 2145 a nick, or notch. Incīsio.—To bind him down to his conditions ths
91 2128 1947 2215 very nick of time. Ut eum suis conditionibus in ipso articulo tempis
92 2200 1814 2277 astringeret. Cic.—At the nick of time, opportūne.—See seasonably.
28 2269 1708 2342 co nick, i. e. obtain. Tango, 3; attingo; i e. to notch, incīdo, 3.
28 2339 1378 2402 a nickname. Cognōmen ĭnis, net.. cognomentum.
30 2401 1168 2468 niece (if nepos can mean nephew). Neptis.
28 2463 1463 2534 niggard. niggardly. Parcus, ăvārus, tĕnax, mălignus.
31 2522 1780 2599 niggardliness. Panĭmonia, ăvarĭia, tĕnācĭts, mălignĭtas.
29 2594 907 2662 in a niggardly manner. Parce.
30 2660 855 2722 nigh. Prŏpe, juxta.—See near.
29 2723 700 2786 night. Nox, noctis, fm.
30 2772 1848 2851 by night. Noctu.—To work by night, i. e. by candlelight, lūcūbro, l.
32 2848 1201 2915 to pass the night (anywhere). Pemocto, 1.
32 2905 1727 2978 travelling by night. Noctubbundus, noctivăgus (of the moon).
16 2975 1215 3046 shining by night (of the moon). Noctĭlūca.
34 3041 1337 3111 nightly, of the night, by night, &c. Nocturnus.
34 3104 990 3174 a nightingale. Phĭlŏmela, luscĭnia.
34 3167 917 3237 nightmare. Ephialtes. Macrob.
35 3233 847 3303 nightshade. Sōlanum. Plin.
36 3292 626 3365 nimble. Ăgĭli, lĕvis.
36 3362 640 3427 nimbleness. Ăgĭlĭtas.
36 3428 511 3490 nimbly. Leviter.
37 3490 833 3550 nine. Nŏvem, indecl., nŏvēni.
37 3546 600 3613 nine times. Nŏvies.
38 3611 913 3673 lasting nine days. Novendialis.
38 3672 1181 3741 nineteen. Nŏvendĕcim, undēvīginti, iadecl.
38 3732 1582 3801 nineteenth. Decimus nonus, nonusdecimus, undēvĭcĕsĭmus.
39 3788 719 3860 ninetieth. Nonagesĭmus.
