2033 3919
38 17 2007 85 to oblige, i. e. confer a service on. Jŭvo, 1; adjŭvo (see to assist); i. e.
111 82 2009 149 bind to oneself by such service, ōblĭgo, 1; obstringo, 3 (usu. c. abl. of the
104 147 1022 212 services); i. e. to compel, q. v., cŏgo.
35 209 886 275 obliging. Offĭciōsus, hūmānus.
36 275 1074 343 obligingly. Offĭciōse, hūmāne, ămĭce.
22 339 773 403 obligingness. Hūmānĭtas.
37 402 574 463 oblique. Oblīquus.
34 460 589 528 obliquely. Oblīque.
36 524 849 592 to make oblique. Oblīquo, 1.
28 593 2008 660 obliquity. Perversĭtas, oblīquĭtas (Plin.).—(But he had, as he has to
100 657 2005 724 this day) a great obliquity of vision. Erat autem ut est hodie perversissi-
96 721 524 770 mis oculis. Cic.
30 783 2008 852 to obliterate. Dēleo, 2; extinguo, 3; contĕro, 3; obtero (esp. renown, &c.);
97 847 1926 915 tollo, 3 (esp. recollection of anything); ēluo (renown, recollection, &c.).
29 912 622 964 obliteration. Lĭtūra.
27 970 977 1036 oblivion. Oblīvio, *ōblīvia -orum.
30 1039 1651 1106 oblivious. Immĕmor —ŏris, ōblĭviōsus, ōblĭtus.—See to forget.
25 1103 554 1170 oblong. Oblongus.
26 1169 537 1229 obloquy. Invĭdia.
25 1231 2003 1297 obnoxious, i. e. suspected. Suspectus.—Obnoxious to, i. e. liable to, obnoxins,
92 1299 344 1359 subjectus.
23 1359 590 1411 obscene. Obscœnus.
24 1423 614 1485 obscenely. Obscœne.
23 1486 671 1550 obscenity. Obscœnitas.
23 1550 715 1601 obscuration. Obscūratio.
23 1611 2000 1682 to obscure. Obscūro, 1.—To obscure ones sight of, i. e. hinder, q. v.,
85 1679 378 1742 impĕdio, 4.
22 1742 1821 1809 obscure. Obscūrus (see dark); i. e. difficult to understand, ambĭguus.
22 1807 1312 1873 obscurely. Obscūre, i. e. unintelligibly, ambĭgue.
23 1869 2000 1939 obseurity (in every sense). Obscūrĭtas; i. e. darkness, q. v., cālīgo.—
84 1934 2001 1997 Affairs buried in the obscurity of time. Res vetustate obrutæ. Liv.—
83 1998 1999 2064 Deiotarus rescued your family from obscurity. Deiotarus vestram familiam
82 2062 673 2111 in lucem vocavit. Cic.
18 2124 1997 2191 obsequies. Exĕquiæ.—Who had not yet completely celebrated the
85 2189 1999 2255 obsequies of his father's death. Qui nondum omnia paterno funeri justa
6 2253 1359 2318 solviaset. Cic.—Cæsar calls them, justa funebria.
17 2317 1299 2379 obsequious. Obnoxius, submissus.—See to obey.
18 2380 1032 2447 obsequiously. Submisse, obsĕquenter.
19 2445 1243 2508 to be obsequious. Obsĕquor, 3.—See to obey.
19 2507 1142 2573 obsequiousness. Obsĕquium, obsĕquentia.
20 2570 1171 2633 observable. Nŏtābĭlis, nŏtandus, videndus.
19 2635 779 2699 to be observable. Appāreo.
20 2697 1156 2760 observably. Nŏtabĭlĭter (Tac.), mănĭfesto.
19 2762 1996 2827 obsarvance, observation (in every sense). Observātio, i. e. a taking notice
86 2826 1996 2890 of, ănĭmadversio; i. e. respect, q. v., rĕvĕrentia.—Oh what a wonderful
83 2891 1994 2953 observance of your promise? O constantiam promissi et fidem miram! Cic.
19 2954 1994 3019 observant. Observans, c. superl. observantissimus (esp. in the sense of re-
84 3020 327 3083 spectful).
18 3079 1994 3145 to observe, i. e. to notice. Observo, 1; adverto, 3; animadverto, 3; nŏto, 1,
84 3142 1995 3210 i. e. to keep (a promise), servo. 1; exĭgo, 3; compleo, 2; făcio, 3; perficio;
88 3206 1995 3273 i. e. to obey, q. v. (the laws, &c.), pāreo, 2; servo, 1.—Simply to behold;
84 3274 725 3339 q. v., video, 2; aspĭcio, 3.
18 3335 1921 3401 an observer. Contemplātor, observator (Plin.); i. e. a beholder, spectator.
20 3401 932 3468 observingly. Attente, dīlĭgenter.
21 3465 791 3527 obsidional. Obsĭdiōnalis.;
21 3525 1993 3592 obsolete. Obsŏlētus, antiquus.—He seems to me to delight in obsolete
90 3591 1337 3656 forms. Delectari mihi antiquitate videtur. Cic.
22 3653 1613 3721 to be obsolete. Obsŏlesco, 3.—To become obsolete, cădo, 3.
20 3721 819 3784 an obstacle. Impĕdīmentum.
22 3783 1420 3845 to be an obstacle. Obsto, 1; obsum.—See to hinder.
