2036 3937
20 17 595 85 pathos. Mĭsĕrstio.
19 79 678 150 pathless. Ăvius, invias.
16 146 570 208 patience. Pătientia.
19 213 498 276 pationt. Pătiens.
19 276 604 340 patiently. Pătienter.
19 338 806 402 patrician. Patrĭcius, nobĭlis.
14 405 882 470 patrimonial. Pătrius, paternus.
22 470 739 533 patrimony. Pătrĭmōnium.
21 530 1988 595 patient.—A most devoted patient. Amantissimus reipublicæ civis. Cie.
22 596 927 661 patriotism. Amor patriæ. Virg.
20 660 833 718 patrol. Excŭbiæ.—See watch.
23 726 591 787 to patrol. Lustro, 1.
23 790 588 853 a patron. Pătrōnus.
22 851 1628 917 patronage. Pătrōcĭnium.—A place of patronage, bĕnĕfĭcium.
22 919 635 977 a patroness. Pătrōna.
21 981 1197 1045 a pattern. Exemplum, exemplar -āris, neut.
22 1045 543 1106 paucity. Paucĭtas.
21 1109 1067 1172 a paunch. Alvus, abdōmen —ĭnis, net.
23 1175 1257 1237 a pauper. Pauper ĕris, masc., fem.—See poor.
23 1238 1251 1302 a pause. Cessatio; i. e. delay, cunctatio, mŏra.
24 1303 1433 1364 to pause. Cesso, 1; i. e. to delay, mŏror, 1; cunctor.
23 1365 1997 1430 to pave. Sterno, 3; mūnio, 4.—I pave the way to your acquaintance for
83 1430 1898 1494 him. Hinc ego aditum ad tuam cognitionem patefcio et munio. Cic.
23 1495 718 1555 pavement. Păvīmentum.
24 1557 1040 1619 a pavilion. Tentorium, tăbernācŭlum.
26 1623 704 1684 a paw. Pes, pĕdis, masc.
26 1687 813 1748 to paw. Pede fĕrio, 4. Tib.
27 1750 672 1813 to pawn. Oppignĕro, 1.
23 1812 1999 1884 pay. Stĭpendium, merces -ēdis, fem.—They said that no pay should be
85 1878 1761 1941 given to the soldiers. Negabant æra danda esse militibus. Liv.
27 1943 2003 2007 to pay. Solvo, 3; exsolvo, both c. acc. of the debt, dat. of the creditor; nŭ-
88 2006 2000 2098 mĕro, 1.—For God's ake pay my debts. Nomina mea per Deos expedi,
90 2073 457 2122 exsolve. Cic.
26 2135 912 2199 payable, to. Solvendus, dēbĭtus.
26 2199 1379 2265 a payment. Pensio; i. e. the act of paying, sŏlūtio.
27 2266 603 2327 a pea. Pisum. Col.
25 2327 2006 2392 peace. Pax, pācis, fem.; i. e. concord, concordia; i. e. tranquillity, quies
91 2391 2004 2458 —ētis, tranquillitas.—I am glad that you are desirous of making peace
92 2456 1999 2520 among the citizens. Pacis inter cives conciliandæ cupidum te esse lætor.
100 2521 2007 2584 Cic.—Peace being made on these conditions. His conditionibus compo-
96 2583 2006 2648 sitâ pace (Liv.); so, confirmo pacem, eonficio pacem, pango pacem,
97 2647 2008 2713 coagmento pacem all in Cic. or Liv.—Those who, in time of peace (lit.
96 2711 2010 2776 in the garb of peace), govern the state. Qui togati reipublicæ præsunt,
101 2781 199 2830 Cic.
32 2838 2012 2903 to make peace. Pacifico, 1.—To bring into a peaceful state. Păco, 1.
30 2902 2012 2969 peaceable, peaceful, i. e. inclined to peaee. Pācĭfĭcus; at peace, quietus,
106 2971 393 3032 tranquillus.
31 3031 1165 3099 peaceably, peacefully. Quiēte, tranquille.
33 3097 805 3161 a peacemaker. Pācĭfĭcātor.
34 3158 1509 3224 a peach (the tree). Persĭcus, fem.; the fruit, persĭcum.
35 3227 985 3289 a poacock. Pāvo onis, masc., fem.
35 3289 741 3355 of a peacock. Pavōnīnus.
37 3352 1170 3416 a peak. Ăpex —ĭcis, masc.—See mountain.
40 3418 1207 3482 a peal. Fragor.—See thunder, laughter, &c.
39 3482 918 3544 to peal. Sono, 1.—See to sound.
39 3542 1318 3610 a pear (the tree). Pĭrus, fem.; the fruit, pĭram.
45 3612 774 3675 a pearl. Margărĭta, bacca.
38 3673 1236 3739 producing pearls. Margărītĭfer era erum.
43 3738 928 3799 adorned with pearls. Baccātus.
45 3801 1310 3869 a peasant. Agrestis, ĭgrĭcŏla, masc.; rustĭcus.
