<PcGts xmlns="http://schema.primaresearch.org/PAGE/gts/pagecontent/2019-07-15" xmlns:xsi="http://www.w3.org/2001/XMLSchema-instance" xsi:schemaLocation="http://schema.primaresearch.org/PAGE/gts/pagecontent/2019-07-15 http://schema.primaresearch.org/PAGE/gts/pagecontent/2019-07-15/pagecontent.xsd"><Metadata><Creator>User123</Creator><Created>2022-01-14T20:06:12</Created><LastChange>2022-01-14T20:06:12</LastChange></Metadata><Page imageFilename="0345.png" imageHeight="4004" imageWidth="2316"><TextRegion id="r0" type="paragraph" orientation="-0.0"><Coords points="1,1 2314,1 2314,4002 1,4002"/><TextLine id="r0_l001"><Coords points="1065,84 1064,83 989,83 988,82 978,82 977,81 976,81 975,81 975,80 974,79 974,78 974,77 895,77 894,77 894,76 893,75 893,73 893,72 448,72 447,73 447,82 446,83 432,83 429,81 429,74 429,73 399,73 398,72 382,72 381,71 380,71 375,67 375,61 376,60 376,47 377,46 377,45 381,41 382,41 384,39 386,39 387,38 429,38 430,37 488,37 488,37 488,25 491,22 559,22 560,21 696,21 697,20 812,20 813,19 928,19 929,18 1114,18 1115,17 1118,17 1118,18 1118,19 1119,19 1139,19 1140,20 1162,20 1162,21 1162,22 1163,23 1163,25 1164,26 1164,34 1165,34 1181,34 1182,35 1340,35 1341,36 1342,36 1344,39 1344,42 1345,43 1345,53 1346,53 1352,53 1353,54 1354,54 1354,55 1354,58 1355,59 1354,60 1354,63 1353,64 1353,65 1352,66 1335,66 1334,67 1309,67 1308,68 1206,68 1204,70 1204,71 1201,74 1201,75 1200,76 1200,77 1200,77 1198,77 1197,78 1073,78 1072,79 1072,84 1072,84"/><TextEquiv index="1"><Unicode>a pebble. Calcŭlus, lăpis —ĭdis, masc.</Unicode></TextEquiv></TextLine><TextLine id="r0_l002"><Coords points="380,148 379,147 378,147 377,147 377,146 376,145 376,108 375,107 375,105 376,104 376,103 377,102 378,102 379,101 396,101 397,100 437,100 437,100 437,90 439,88 440,88 441,87 444,87 445,86 739,86 740,85 988,85 988,85 988,84 989,83 995,83 996,84 1075,84 1075,85 1075,91 1076,91 1100,91 1101,92 1103,92 1105,95 1105,98 1106,98 1137,98 1138,99 1182,99 1183,100 1184,100 1184,101 1184,116 1185,117 1185,118 1186,118 1194,118 1195,119 1198,119 1199,121 1199,122 1200,123 1200,124 1201,125 1201,127 1199,129 1199,130 1198,131 1196,131 1194,133 912,133 909,136 909,137 908,138 908,139 905,142 904,142 903,143 728,143 727,144 727,148 727,148"/><TextEquiv index="1"><Unicode>pebbly. Lăpĭdōsus, calcŭlōsus.</Unicode></TextEquiv></TextLine><TextLine id="r0_l003"><Coords points="376,149 885,149 885,212 376,212"/><TextEquiv index="1"><Unicode>peccant. Vĭtiōsus.</Unicode></TextEquiv></TextLine><TextLine id="r0_l004"><Coords points="1256,275 1255,274 1254,274 1252,273 1252,272 1252,271 1137,271 1136,270 928,270 927,269 473,269 472,270 472,272 471,273 470,273 469,274 465,274 464,273 453,273 452,273 452,272 451,271 451,263 451,262 387,262 386,261 385,261 383,260 383,259 382,258 382,257 381,256 381,238 377,234 377,229 380,226 381,226 382,225 384,223 384,222 388,218 539,218 539,218 539,217 540,216 540,215 541,214 659,214 660,213 777,213 779,211 1286,211 1287,210 1553,210 1554,211 1559,211 1560,212 1563,212 1564,213 1565,213 1566,214 1567,214 1569,217 1569,218 1570,219 1570,220 1571,221 1571,224 1572,224 1638,224 1639,225 1640,225 1641,227 1641,228 1642,229 1642,230 1643,231 1643,246 1644,246 1654,246 1656,249 1656,253 1655,254 1655,255 1652,258 1651,258 1650,259 1392,259 1390,261 1390,262 1388,264 1388,265 1386,267 1385,267 1384,268 1272,268 1271,269 1271,272 1270,273 1270,274 1270,274 1259,274 1258,275"/><TextEquiv index="1"><Unicode>to peck. Mordeo, 2; tondeo, 2; pinso, 3. Pers.</Unicode></TextEquiv></TextLine><TextLine id="r0_l005"><Coords points="377,276 1127,276 1127,339 377,339"/><TextEquiv index="1"><Unicode>pectoral. Pectoralis. Plin.</Unicode></TextEquiv></TextLine><TextLine id="r0_l006"><Coords points="382,402 381,401 379,401 378,401 378,357 379,356 382,356 383,355 424,355 425,354 502,354 502,354 502,345 505,342 508,342 509,341 745,341 746,340 882,340 883,341 1051,341 1052,343 1052,344 1053,345 1053,368 1054,368 1055,368 1057,371 1057,372 1058,373 1058,374 1059,374 1072,374 1072,375 1072,376 1073,377 1073,378 1074,379 1074,381 1073,382 1073,383 1072,384 1072,385 1072,385 1071,385 1070,386 1069,386 1068,387 1007,387 1006,388 1006,389 1005,390 1005,391 1004,392 1004,393 1003,394 1002,394 1001,395 997,395 996,395 996,390 996,389 572,389 571,390 400,390 399,391 399,401 399,401 398,401 397,402"/><TextEquiv index="1"><Unicode>peculation. Pĕcūlātus, 4.</Unicode></TextEquiv></TextLine><TextLine id="r0_l007"><Coords points="571,467 570,466 567,466 566,465 565,465 562,463 562,462 559,459 559,455 559,454 417,454 416,453 391,453 390,452 389,452 388,451 387,451 385,450 385,449 384,448 384,428 383,426 381,426 378,424 378,422 379,421 379,420 381,418 382,418 383,417 384,417 388,413 388,412 391,409 467,409 467,409 467,408 468,407 469,407 470,406 636,406 636,406 636,405 637,404 808,404 810,402 811,402 812,401 819,401 820,402 1058,402 1059,401 1060,401 1061,400 1065,400 1066,401 1536,401 1538,399 1539,399 1540,398 1544,398 1545,399 1546,399 1546,400 1546,402 1547,403 1547,415 1548,415 1780,415 1780,415 1780,414 1781,413 1781,410 1782,409 1782,408 1783,407 1783,406 1784,405 1784,404 1786,402 1787,402 1788,401 1789,401 1790,400 1793,400 1794,399 1868,399 1869,400 1870,400 1870,401 1870,402 1871,403 1871,404 1873,405 2116,405 2116,405 2116,401 2119,398 2265,398 2266,397 2282,397 2283,398 2284,398 2286,401 2286,402 2287,403 2287,404 2288,405 2288,406 2291,409 2291,410 2292,411 2292,412 2293,413 2293,414 2294,415 2294,416 2295,417 2295,418 2296,419 2296,422 2297,423 2297,430 2298,430 2300,430 2301,431 2302,431 2303,432 2304,432 2306,435 2306,439 2305,440 2305,443 2304,444 2304,446 2302,448 2301,448 2300,449 2292,449 2291,450 2291,453 2290,454 2290,455 2290,455 2289,455 2288,456 2287,456 2286,457 2173,457 2171,459 2170,459 2169,460 2061,460 2060,461 1968,461 1967,462 1960,462 1959,461 1956,461 1953,459 1953,450 1953,449 1693,449 1692,450 1547,450 1546,451 1546,459 1544,461 1543,461 1542,462 1540,462 1539,461 1538,461 1537,461 1537,460 1536,458 1415,458 1412,456 1412,451 1412,450 902,450 901,451 873,451 872,452 872,461 871,462 870,462 869,463 711,463 709,465 585,465 584,466 578,466 577,467"/><TextEquiv index="1"><Unicode>to be guilty of peculation. Pĕclor, 1 (c. ace. of the party injuei)</Unicode></TextEquiv></TextLine><TextLine id="r0_l008"><Coords points="378,531 1022,531 1022,595 378,595"/><TextEquiv index="1"><Unicode>a peculator. Pĕcūlātor.</Unicode></TextEquiv></TextLine><TextLine id="r0_l009"><Coords points="384,658 383,657 382,657 380,656 380,618 379,617 379,615 383,611 454,611 455,610 503,610 503,610 503,602 506,599 510,599 511,598 532,598 533,597 692,597 693,596 732,596 733,595 752,595 753,594 1110,594 1111,593 1178,593 1179,592 1647,592 1648,591 1727,591 1728,590 2066,590 2067,591 2069,591 2070,593 2070,594 2071,595 2071,605 2072,605 2118,605 2119,606 2276,606 2277,607 2278,607 2279,608 2280,608 2280,609 2280,610 2281,611 2281,622 2282,622 2288,622 2289,623 2290,623 2291,625 2291,626 2292,627 2292,631 2291,632 2291,633 2290,634 2290,635 2290,635 2289,635 2288,636 2251,636 2250,637 2234,637 2233,638 2233,639 2232,640 2231,640 2230,641 2230,643 2229,644 2224,649 2222,649 2220,651 2027,651 2025,653 1946,653 1944,655 1938,655 1937,654 1932,654 1931,653 1930,653 1929,653 1929,652 1929,651 1894,651 1893,650 1892,650 1890,649 1890,642 1890,641 1297,641 1296,642 1296,651 1292,655 940,655 939,656 937,656 936,656 936,655 935,654 935,646 935,645 404,645 403,646 402,646 401,647 401,655 399,657 398,657 397,658"/><TextEquiv index="1"><Unicode>peculiar. Pĕcūliaris, singŭlaris; peculiar to an individal, prōprins, c. g</Unicode></TextEquiv></TextLine><TextLine id="r0_l010"><Coords points="382,721 379,719 379,716 380,715 380,677 381,676 382,676 383,675 384,675 385,674 456,674 457,673 505,673 505,673 505,665 507,663 510,663 511,662 533,662 535,660 744,660 745,659 753,659 753,659 753,657 754,656 754,655 757,652 758,652 759,651 760,652 779,652 781,655 781,657 782,657 841,657 842,658 1307,658 1308,657 1375,657 1376,656 1672,656 1673,657 1690,657 1691,658 1693,658 1694,660 1694,672 1695,672 1720,672 1721,673 1722,673 1725,677 1725,680 1726,681 1726,684 1727,685 1727,691 1728,691 1738,691 1739,692 1740,692 1741,693 1742,693 1743,695 1743,696 1744,697 1744,698 1745,699 1744,700 1744,703 1742,705 1555,705 1554,706 1553,706 1552,707 1274,707 1273,708 1273,717 1272,718 1272,719 1272,719 1267,719 1266,720 1263,720 1262,719 1007,719 1006,718 401,718 398,721"/><TextEquiv index="1"><Unicode>peculiarly. Ūnĭce, singŭlariter, pĕcūliarĭter. Plin.</Unicode></TextEquiv></TextLine><TextLine id="r0_l011"><Coords points="380,722 1296,722 1296,786 380,786"/><TextEquiv index="1"><Unicode>a peculiarity. Proprium quiddam.</Unicode></TextEquiv></TextLine><TextLine id="r0_l012"><Coords points="382,849 381,848 380,848 379,848 379,809 378,808 378,806 381,803 384,803 385,802 426,802 427,801 454,801 455,800 542,800 542,800 542,791 546,787 548,787 549,786 735,786 736,785 798,785 799,786 1130,786 1131,787 1133,787 1134,788 1135,788 1136,789 1137,789 1138,790 1141,790 1141,791 1141,794 1142,794 1143,794 1143,795 1143,799 1144,799 1212,799 1213,800 1360,800 1361,801 1364,801 1365,802 1366,802 1367,804 1367,819 1368,819 1378,819 1381,823 1381,825 1382,826 1381,827 1381,830 1378,833 1353,833 1352,834 1352,837 1351,838 1351,839 1350,840 1350,841 1346,845 1338,845 1337,844 1336,844 1335,843 1334,843 1333,843 1333,834 1333,833 835,833 834,834 639,834 637,836 637,837 636,838 636,839 633,842 633,843 631,845 630,845 629,846 628,846 627,847 401,847 399,849"/><TextEquiv index="1"><Unicode>pecuniary. Pĕcnĭarius.—See money.</Unicode></TextEquiv></TextLine><TextLine id="r0_l013"><Coords points="571,912 570,911 435,911 432,909 432,901 432,900 404,900 403,899 387,899 386,898 385,898 380,894 380,888 381,887 381,874 382,873 382,872 386,868 387,868 389,866 391,866 392,865 504,865 504,865 504,855 507,852 519,852 519,853 519,854 520,855 520,862 521,862 803,862 803,862 803,852 805,850 1124,850 1125,849 1175,849 1176,848 1644,848 1646,851 1646,855 1647,855 1700,855 1701,856 1702,856 1702,857 1702,858 1703,859 1703,861 1704,861 1778,861 1779,862 1780,862 1781,863 1784,863 1786,866 1786,869 1787,870 1787,878 1791,881 1798,881 1799,882 1800,882 1800,883 1800,884 1801,885 1801,886 1802,887 1802,888 1803,889 1803,891 1802,892 1802,893 1801,894 1801,895 1800,896 1799,896 1798,897 1734,897 1733,898 1733,901 1732,902 1732,903 1731,904 1731,905 1730,906 1730,907 1728,909 1726,909 1725,910 1667,910 1666,911 1658,911 1657,910 1351,910 1350,909 913,909 911,911 909,911 908,912"/><TextEquiv index="1"><Unicode>a pedagogue. Măgister -ti, lūdimagister, pædăgggu</Unicode></TextEquiv></TextLine><TextLine id="r0_l014"><Coords points="381,915 886,915 886,976 381,976"/><TextEquiv index="1"><Unicode>a pedestal. Băsis.</Unicode></TextEquiv></TextLine><TextLine id="r0_l015"><Coords points="382,1039 379,1037 379,995 382,992 452,992 452,992 452,983 455,980 584,980 584,980 584,979 585,978 586,978 587,977 590,977 591,978 1063,978 1064,977 1065,977 1066,976 1335,976 1336,975 1403,975 1404,974 1424,974 1425,975 1450,975 1451,976 1561,976 1563,979 1563,983 1564,983 1655,983 1656,985 1656,990 1657,990 1700,990 1701,991 1702,991 1707,997 1707,998 1708,999 1708,1000 1709,1001 1709,1010 1710,1010 1720,1010 1721,1011 1722,1011 1723,1013 1723,1014 1724,1015 1724,1019 1722,1021 1721,1021 1720,1022 1671,1022 1670,1023 1583,1023 1582,1024 1389,1024 1388,1025 1388,1035 1388,1035 1387,1035 1386,1036 1385,1036 1384,1037 1374,1037 1371,1034 1223,1034 1221,1033 1221,1028 1221,1027 1166,1027 1163,1024 804,1024 803,1025 678,1025 676,1027 517,1027 516,1028 402,1028 401,1029 401,1037 399,1039"/><TextEquiv index="1"><Unicode>pedestrian. Pĕdester -tris —tre, and pĕdestris -tre.</Unicode></TextEquiv></TextLine><TextLine id="r0_l016"><Coords points="507,1105 506,1104 502,1104 501,1103 381,1103 380,1103 380,1102 379,1101 379,1062 378,1061 378,1059 379,1058 380,1058 381,1057 382,1057 383,1056 426,1056 427,1055 452,1055 452,1055 452,1047 453,1046 453,1045 454,1044 456,1044 457,1043 480,1043 481,1042 904,1042 905,1041 906,1041 907,1040 926,1040 927,1039 929,1041 961,1041 961,1042 961,1043 963,1045 963,1046 964,1046 1123,1046 1124,1047 1449,1047 1449,1047 1449,1043 1450,1042 1451,1042 1452,1041 1507,1041 1508,1040 1510,1040 1512,1043 1512,1044 1513,1045 1513,1047 1514,1047 1754,1047 1754,1047 1754,1046 1755,1045 1759,1041 1760,1041 1762,1039 1763,1039 1764,1038 1768,1038 1769,1039 1771,1039 1773,1041 1781,1041 1783,1044 1783,1047 1784,1047 1857,1047 1857,1048 1857,1049 1858,1050 1858,1054 1860,1055 1861,1055 1862,1056 1863,1056 1863,1057 1863,1058 1864,1059 1864,1074 1865,1074 1873,1074 1875,1077 1875,1078 1876,1079 1876,1080 1877,1081 1877,1083 1876,1084 1876,1085 1875,1086 1875,1087 1875,1087 1874,1087 1873,1088 1872,1088 1871,1089 1870,1088 1554,1088 1553,1089 1553,1093 1552,1094 1552,1095 1549,1098 1542,1098 1540,1097 1540,1088 1540,1087 1228,1087 1227,1088 1224,1088 1223,1089 1214,1089 1213,1090 1172,1090 1167,1095 1165,1095 1164,1096 1163,1096 1162,1097 1161,1097 1160,1098 997,1098 996,1099 991,1099 990,1099 990,1098 989,1097 989,1090 989,1089 716,1089 715,1090 602,1090 601,1091 528,1091 527,1092 527,1093 526,1094 526,1096 525,1097 525,1099 523,1101 522,1101 520,1103 519,1103 518,1104 516,1104 515,1105"/><TextEquiv index="1"><Unicode>pedigree. Genus ĕris, net.; stemma ătis, set. Sust.</Unicode></TextEquiv></TextLine><TextLine id="r0_l017"><Coords points="380,1106 1006,1106 1006,1170 380,1170"/><TextEquiv index="1"><Unicode>to peel. Circumcīdo, 3.</Unicode></TextEquiv></TextLine><TextLine id="r0_l018"><Coords points="380,1172 715,1172 715,1232 380,1232"/><TextEquiv index="1"><Unicode>peel. Cŭtis.</Unicode></TextEquiv></TextLine><TextLine id="r0_l019"><Coords points="380,1232 1071,1232 1071,1296 380,1296"/><TextEquiv index="1"><Unicode>to peep into. Inspĭcio, 3.</Unicode></TextEquiv></TextLine><TextLine id="r0_l020"><Coords points="1286,1362 1285,1362 1285,1360 1285,1359 655,1359 653,1361 643,1361 642,1360 640,1360 639,1359 387,1359 386,1358 384,1358 383,1357 382,1357 381,1357 381,1356 380,1355 380,1315 381,1314 381,1313 382,1312 383,1312 384,1311 595,1311 595,1311 595,1310 596,1309 596,1308 597,1307 598,1307 598,1307 598,1306 603,1301 604,1301 604,1301 604,1300 605,1299 608,1299 609,1298 687,1298 688,1297 705,1297 706,1296 707,1297 708,1297 709,1298 1391,1298 1391,1298 1391,1269 1392,1268 1394,1268 1394,1269 1394,1294 1395,1294 1837,1294 1838,1295 1842,1295 1843,1297 1843,1298 1844,1299 1844,1310 1845,1310 1892,1310 1894,1313 1894,1314 1895,1315 1895,1328 1897,1329 1900,1329 1901,1330 1905,1330 1907,1333 1907,1334 1908,1335 1908,1338 1909,1339 1909,1341 1908,1342 1907,1342 1906,1343 1664,1343 1663,1344 1659,1344 1658,1345 1481,1345 1480,1346 1371,1346 1369,1348 1369,1355 1368,1356 1307,1356 1306,1357 1306,1362 1306,1362"/><TextEquiv index="1"><Unicode>peers. Optĭmātes, pl smasc.; pătres, pl. asc.—See nobles.</Unicode></TextEquiv></TextLine><TextLine id="r0_l021"><Coords points="1093,1426 1093,1424 1093,1423 1025,1423 1024,1424 1024,1425 1024,1425 1019,1425 1018,1424 807,1424 806,1423 803,1423 802,1422 401,1422 400,1423 383,1423 382,1422 381,1422 379,1421 379,1382 378,1381 379,1380 379,1379 381,1377 382,1377 383,1376 426,1376 427,1375 495,1375 495,1375 495,1369 496,1368 496,1367 499,1364 504,1364 505,1363 686,1363 688,1361 688,1359 691,1356 693,1356 694,1355 702,1355 703,1354 707,1354 708,1355 713,1355 714,1357 714,1358 715,1359 715,1361 716,1361 1153,1361 1154,1362 1307,1362 1307,1363 1307,1375 1308,1375 1380,1375 1381,1376 1382,1376 1382,1377 1382,1378 1383,1379 1383,1389 1384,1390 1384,1391 1385,1392 1385,1394 1386,1394 1396,1394 1399,1397 1400,1397 1400,1398 1400,1399 1401,1400 1401,1405 1400,1406 1400,1407 1398,1409 1395,1409 1394,1410 1375,1410 1374,1411 1198,1411 1197,1412 1197,1414 1196,1415 1196,1416 1190,1422 1188,1422 1187,1423 1095,1423 1094,1424 1094,1426 1094,1426"/><TextEquiv index="1"><Unicode>peerless. Egrĕgius, singŭlaris, ūnĭcus.</Unicode></TextEquiv></TextLine><TextLine id="r0_l022"><Coords points="381,1487 380,1487 380,1448 379,1447 379,1443 382,1440 426,1440 427,1439 506,1439 506,1439 506,1433 507,1432 507,1430 509,1428 510,1428 511,1427 556,1427 557,1426 933,1426 934,1425 1076,1425 1077,1426 1095,1426 1097,1429 1097,1440 1098,1440 1120,1440 1121,1441 1122,1441 1122,1442 1122,1444 1123,1444 1124,1444 1124,1445 1124,1459 1125,1459 1133,1459 1134,1460 1136,1460 1136,1461 1136,1462 1137,1463 1137,1464 1136,1465 1136,1471 1135,1472 1134,1472 1133,1473 1122,1473 1121,1474 1032,1474 1031,1475 1031,1477 1031,1477 892,1477 891,1478 891,1479 887,1483 883,1483 882,1482 881,1482 880,1482 880,1477 880,1476 402,1476 401,1477 401,1485 400,1486 400,1487 400,1487"/><TextEquiv index="1"><Unicode>peevish. Morōsus, diffīcĭlis.</Unicode></TextEquiv></TextLine><TextLine id="r0_l023"><Coords points="380,1491 922,1491 922,1552 380,1552"/><TextEquiv index="1"><Unicode>peevishly. Mōrōse.</Unicode></TextEquiv></TextLine><TextLine id="r0_l024"><Coords points="385,1614 384,1613 383,1613 381,1612 381,1610 380,1609 380,1572 379,1571 380,1570 380,1569 381,1568 382,1568 383,1567 384,1567 385,1566 505,1566 505,1566 505,1559 506,1558 506,1557 509,1554 937,1554 937,1554 937,1553 938,1552 938,1551 939,1550 957,1550 958,1551 959,1551 959,1552 959,1560 960,1560 971,1560 972,1561 973,1561 973,1562 973,1566 974,1566 1019,1566 1020,1567 1023,1567 1026,1570 1027,1570 1027,1571 1027,1583 1028,1584 1028,1585 1030,1586 1037,1586 1038,1587 1039,1587 1040,1588 1041,1588 1041,1589 1041,1590 1042,1591 1042,1592 1043,1593 1043,1597 1042,1598 1042,1599 1041,1600 1040,1600 1039,1601 786,1601 785,1600 542,1600 541,1601 460,1601 459,1602 403,1602 402,1603 402,1613 402,1613 401,1613 400,1614"/><TextEquiv index="1"><Unicode>peevishness. Mōrōsĭtas.</Unicode></TextEquiv></TextLine><TextLine id="r0_l025"><Coords points="379,1618 791,1618 791,1680 379,1680"/><TextEquiv index="1"><Unicode>a peg. Clavus.</Unicode></TextEquiv></TextLine><TextLine id="r0_l026"><Coords points="379,1681 829,1681 829,1743 379,1743"/><TextEquiv index="1"><Unicode>to peg. Fĭgo, 3.</Unicode></TextEquiv></TextLine><TextLine id="r0_l027"><Coords points="953,1807 952,1807 952,1792 952,1791 799,1791 798,1792 710,1792 707,1795 707,1796 705,1798 705,1799 703,1801 702,1801 701,1802 700,1802 699,1803 696,1803 695,1804 693,1804 692,1803 690,1803 688,1801 407,1801 400,1801 397,1804 383,1804 382,1803 381,1803 378,1801 379,1800 379,1761 380,1760 380,1759 381,1758 382,1758 383,1757 424,1757 425,1756 439,1756 439,1756 439,1747 441,1745 442,1745 443,1744 446,1744 447,1743 591,1743 592,1744 934,1744 935,1743 936,1743 937,1742 943,1742 946,1746 946,1757 947,1757 961,1757 962,1758 1033,1758 1034,1759 1073,1759 1074,1760 1077,1760 1077,1761 1077,1762 1078,1763 1078,1772 1079,1773 1079,1776 1080,1777 1080,1778 1081,1778 1091,1778 1093,1781 1093,1782 1094,1783 1094,1787 1093,1788 1093,1789 1091,1791 956,1791 955,1792 955,1807 955,1807"/><TextEquiv index="1"><Unicode>pellmell, adj. Prōmiscuus.</Unicode></TextEquiv></TextLine><TextLine id="r0_l028"><Coords points="383,1867 382,1866 381,1866 378,1864 379,1863 379,1824 380,1823 380,1822 381,1821 382,1821 383,1820 424,1820 425,1819 439,1819 439,1819 439,1810 441,1808 442,1808 443,1807 446,1807 447,1806 448,1807 595,1807 596,1808 950,1808 951,1807 956,1807 957,1809 957,1810 958,1811 958,1822 959,1822 979,1822 980,1823 1055,1823 1056,1824 1057,1824 1058,1825 1059,1825 1060,1826 1061,1826 1063,1829 1063,1831 1064,1832 1064,1841 1065,1841 1073,1841 1074,1842 1075,1842 1077,1845 1077,1846 1078,1847 1078,1848 1079,1849 1079,1853 1075,1857 1071,1857 1070,1856 616,1856 615,1857 615,1858 613,1860 613,1861 611,1863 610,1863 609,1864 608,1864 607,1865 399,1865 397,1867"/><TextEquiv index="1"><Unicode>pellmell, adv. Promiscue.</Unicode></TextEquiv></TextLine><TextLine id="r0_l029"><Coords points="379,1871 942,1871 942,1933 379,1933"/><TextEquiv index="1"><Unicode>pellucid. Pellucĭdus.</Unicode></TextEquiv></TextLine><TextLine id="r0_l030"><Coords points="381,1934 1057,1934 1057,1997 381,1997"/><TextEquiv index="1"><Unicode>to be pellucid. Pellūceo.</Unicode></TextEquiv></TextLine><TextLine id="r0_l031"><Coords points="380,1999 1812,1999 1812,2064 380,2064"/><TextEquiv index="1"><Unicode>to pelt (with stones). Pĕto, 3; appeto.—See to throw.</Unicode></TextEquiv></TextLine><TextLine id="r0_l032"><Coords points="556,2127 555,2126 552,2126 551,2125 549,2125 548,2124 547,2124 546,2123 383,2123 381,2122 381,2120 380,2119 380,2082 379,2081 379,2079 380,2078 380,2077 381,2076 383,2076 384,2075 440,2075 440,2075 440,2067 441,2066 441,2065 442,2064 446,2064 447,2063 496,2063 497,2064 500,2064 501,2065 647,2065 648,2066 649,2066 651,2069 651,2073 652,2073 943,2073 943,2073 940,2070 940,2069 939,2068 939,2067 940,2066 940,2065 941,2064 942,2064 943,2063 944,2064 981,2064 982,2065 1043,2065 1044,2067 1044,2068 1045,2069 1045,2073 1046,2073 1119,2073 1120,2074 1121,2074 1121,2075 1121,2077 1122,2078 1122,2080 1124,2081 1153,2081 1154,2082 1180,2082 1181,2083 1182,2083 1182,2084 1182,2086 1183,2087 1183,2099 1185,2100 1195,2100 1196,2101 1197,2101 1197,2102 1197,2103 1198,2104 1198,2110 1197,2111 1197,2112 1197,2112 1196,2112 1195,2113 1193,2113 1192,2114 1191,2113 865,2113 864,2112 574,2112 573,2113 573,2119 571,2121 571,2122 571,2122 570,2122 568,2124 567,2124 566,2125 564,2125 563,2126 558,2126 557,2127"/><TextEquiv index="1"><Unicode>pelting of a storm. Viŏlentus.</Unicode></TextEquiv></TextLine><TextLine id="r0_l033"><Coords points="1204,2192 1203,2191 880,2191 879,2190 878,2190 877,2190 877,2189 877,2188 570,2188 569,2187 437,2187 436,2186 435,2186 433,2185 433,2175 433,2174 387,2174 386,2173 385,2173 380,2169 380,2167 379,2166 379,2164 380,2163 380,2162 381,2161 381,2147 382,2146 382,2145 385,2142 386,2142 387,2141 388,2141 389,2140 390,2140 391,2139 562,2139 569,2132 570,2132 571,2131 727,2131 727,2131 727,2130 728,2129 729,2129 730,2128 878,2128 880,2126 883,2126 884,2127 886,2127 888,2129 1409,2129 1410,2128 2081,2128 2082,2127 2099,2127 2100,2126 2110,2126 2111,2127 2112,2127 2113,2128 2114,2128 2114,2129 2114,2140 2115,2140 2158,2140 2159,2141 2160,2141 2161,2143 2161,2144 2162,2145 2162,2160 2163,2160 2166,2160 2167,2161 2170,2161 2171,2163 2171,2164 2172,2165 2172,2169 2170,2171 2167,2171 2166,2172 2157,2172 2156,2173 2137,2173 2136,2174 2115,2174 2114,2175 2095,2175 2094,2176 2094,2179 2092,2181 2090,2181 2087,2184 2087,2185 2086,2186 2085,2186 2084,2187 1769,2187 1768,2188 1767,2188 1766,2189 1764,2189 1763,2189 1763,2188 1762,2187 1762,2180 1762,2179 1216,2179 1215,2180 1215,2188 1214,2189 1214,2190 1213,2191 1208,2191 1207,2192"/><TextEquiv index="1"><Unicode>a pen (or enclosure). Sēpes, septum.—To write with, călămus, stĭlu</Unicode></TextEquiv></TextLine><TextLine id="r0_l034"><Coords points="381,2193 1855,2193 1855,2256 381,2256"/><TextEquiv index="1"><Unicode>to pen, i. e. shut up. Claudo, 3; i. e. to write, scriībo, 3.</Unicode></TextEquiv></TextLine><TextLine id="r0_l035"><Coords points="1415,2320 1414,2319 1152,2319 1151,2319 1151,2318 1150,2317 1150,2306 1150,2305 545,2305 544,2306 544,2309 543,2310 543,2311 539,2315 383,2315 382,2314 381,2314 380,2314 379,2313 379,2312 378,2311 378,2269 379,2268 380,2268 381,2267 510,2267 510,2267 510,2261 511,2260 511,2259 512,2258 513,2258 514,2257 518,2257 519,2256 760,2256 761,2257 1287,2257 1288,2256 1897,2256 1898,2255 2091,2255 2092,2254 2228,2254 2231,2251 2233,2251 2234,2252 2235,2252 2235,2253 2235,2254 2236,2255 2236,2263 2237,2263 2264,2263 2265,2264 2266,2264 2268,2267 2268,2282 2269,2282 2274,2282 2276,2285 2276,2289 2275,2290 2275,2291 2274,2292 2274,2293 2272,2295 2271,2295 2270,2296 2212,2296 2210,2298 2210,2301 2209,2302 2209,2303 2208,2304 2208,2305 2208,2305 2207,2305 2206,2306 2205,2306 2204,2307 1717,2307 1716,2308 1716,2310 1715,2311 1715,2312 1712,2315 1420,2315 1419,2316 1419,2320 1419,2320"/><TextEquiv index="1"><Unicode>penal, i. e. to be visited with punishment. Vĕtĭtus, obnoxiua.—Of la,, i.</Unicode></TextEquiv></TextLine><TextLine id="r0_l036"><Coords points="444,2321 1472,2321 1472,2384 444,2384"/><TextEquiv index="1"><Unicode>threatening punishment, pœnālis. Plin.</Unicode></TextEquiv></TextLine><TextLine id="r0_l037"><Coords points="377,2386 1083,2386 1083,2446 377,2446"/><TextEquiv index="1"><Unicode>a penalty. Pœna, mulcta.</Unicode></TextEquiv></TextLine><TextLine id="r0_l038"><Coords points="377,2447 1329,2447 1329,2509 377,2509"/><TextEquiv index="1"><Unicode>to inflict a penalty on. Mulcto, 1.</Unicode></TextEquiv></TextLine><TextLine id="r0_l039"><Coords points="376,2511 1614,2511 1614,2575 376,2575"/><TextEquiv index="1"><Unicode>a pencil. Grăphium.—A hair pencil, penĭcillus.</Unicode></TextEquiv></TextLine><TextLine id="r0_l040"><Coords points="851,2640 848,2637 575,2637 574,2636 572,2636 571,2635 383,2635 382,2634 379,2634 377,2633 377,2632 376,2631 376,2589 377,2588 378,2588 379,2587 380,2587 381,2586 486,2586 486,2586 486,2579 487,2578 487,2577 488,2576 489,2576 490,2575 516,2575 517,2574 519,2574 521,2576 845,2576 846,2577 1008,2577 1009,2578 1135,2578 1135,2579 1135,2583 1136,2584 1136,2586 1137,2586 1184,2586 1184,2587 1184,2588 1185,2589 1185,2592 1186,2592 1238,2592 1239,2593 1240,2593 1240,2594 1241,2595 1241,2596 1242,2597 1242,2612 1243,2612 1250,2612 1252,2615 1252,2616 1253,2617 1253,2620 1254,2621 1253,2622 1253,2623 1252,2624 1252,2625 1252,2625 1250,2625 1249,2626 1247,2626 1246,2627 1095,2627 1094,2628 1094,2629 1093,2630 1093,2631 1089,2635 1086,2635 1085,2636 902,2636 901,2637 890,2637 889,2638 870,2638 868,2640"/><TextEquiv index="1"><Unicode>pending, i. e. duripg. Per, inter.</Unicode></TextEquiv></TextLine><TextLine id="r0_l041"><Coords points="963,2701 891,2701 890,2700 727,2700 726,2699 725,2699 724,2698 536,2698 535,2697 534,2697 532,2696 532,2688 532,2687 497,2687 496,2686 389,2686 388,2685 387,2685 386,2684 385,2684 382,2682 382,2679 381,2678 381,2662 378,2658 377,2658 376,2658 376,2655 375,2654 376,2653 376,2652 377,2651 378,2651 381,2648 382,2648 383,2647 383,2646 384,2645 384,2644 387,2641 388,2641 389,2640 453,2640 454,2639 668,2639 669,2638 675,2638 675,2639 675,2640 676,2640 867,2640 867,2641 867,2642 868,2642 1019,2642 1020,2643 1021,2643 1022,2644 1023,2644 1024,2645 1025,2645 1026,2647 1026,2648 1027,2649 1027,2651 1028,2652 1028,2669 1029,2670 1029,2671 1030,2672 1030,2675 1031,2675 1039,2675 1040,2676 1041,2676 1043,2679 1043,2685 1041,2687 1040,2687 1039,2688 976,2688 974,2690 974,2693 970,2697 970,2698 970,2698 969,2698 966,2701 965,2701 964,2702"/><TextEquiv index="1"><Unicode>to be pending. Agor, 3.</Unicode></TextEquiv></TextLine><TextLine id="r0_l042"><Coords points="1240,2767 1239,2766 1238,2766 1237,2766 1237,2765 1237,2764 1204,2764 1203,2763 1202,2763 1201,2763 1201,2754 1201,2753 1113,2753 1112,2752 656,2752 655,2753 655,2761 655,2761 654,2761 652,2763 639,2763 638,2762 637,2762 636,2761 601,2761 600,2760 379,2760 377,2759 377,2758 376,2757 376,2720 376,2719 139,2719 138,2719 138,2718 138,2717 137,2717 136,2717 137,2716 376,2716 376,2716 376,2715 379,2712 482,2712 482,2712 482,2707 483,2706 483,2704 485,2702 486,2702 487,2701 493,2701 494,2702 810,2702 811,2703 812,2703 813,2704 1345,2704 1345,2704 1345,2703 1346,2702 1347,2702 1348,2701 1366,2701 1367,2702 1394,2702 1395,2703 1624,2703 1625,2704 1628,2704 1629,2705 1630,2705 1631,2707 1631,2710 1632,2711 1632,2720 1633,2720 1684,2720 1685,2721 1686,2721 1687,2722 1688,2722 1688,2723 1688,2739 1690,2740 1698,2740 1702,2745 1702,2749 1701,2750 1701,2751 1699,2753 1698,2753 1697,2754 1673,2754 1672,2755 1483,2755 1482,2756 1482,2765 1482,2765 1481,2765 1480,2766 1245,2766 1244,2767"/><TextEquiv index="1"><Unicode>pendent, pendulous. Pendens, pensĭlis, pendŭlus.</Unicode></TextEquiv></TextLine><TextLine id="r0_l043"><Coords points="376,2767 1064,2767 1064,2826 376,2826"/><TextEquiv index="1"><Unicode>penetrable. Pĕnĕtrabĭlis.</Unicode></TextEquiv></TextLine><TextLine id="r0_l044"><Coords points="1589,2898 1589,2894 1589,2893 1539,2893 1538,2894 1532,2894 1531,2893 1530,2893 1529,2892 1528,2892 1526,2891 1526,2883 1526,2882 1283,2882 1282,2883 1282,2891 1280,2893 1108,2893 1107,2893 1107,2892 1106,2890 1027,2890 1025,2889 1025,2882 1023,2879 636,2879 635,2880 634,2880 631,2883 556,2883 555,2884 555,2894 555,2894 552,2894 551,2894 551,2884 551,2883 499,2883 498,2884 498,2885 497,2886 497,2887 497,2887 496,2887 495,2888 481,2888 480,2887 479,2887 478,2887 478,2886 477,2885 477,2879 477,2878 392,2878 391,2877 390,2877 389,2876 388,2876 387,2875 386,2875 384,2874 384,2873 383,2872 383,2871 382,2870 382,2853 379,2849 378,2849 377,2849 377,2847 376,2846 377,2845 377,2844 378,2843 378,2842 379,2841 380,2841 381,2840 381,2839 382,2838 388,2832 389,2832 390,2831 392,2831 394,2833 829,2833 830,2832 1091,2832 1092,2833 1477,2833 1478,2832 1481,2832 1482,2831 1483,2832 1488,2832 1489,2833 1733,2833 1734,2832 1735,2832 1736,2831 1738,2831 1739,2832 1740,2832 1740,2833 1740,2834 1741,2835 1741,2847 1742,2847 2063,2847 2063,2847 2063,2835 2064,2834 2064,2833 2066,2831 2067,2831 2068,2830 2140,2830 2142,2828 2194,2828 2194,2828 2194,2827 2195,2826 2199,2826 2200,2828 2200,2829 2201,2830 2201,2837 2202,2837 2256,2837 2257,2838 2258,2838 2260,2841 2260,2842 2261,2843 2261,2856 2262,2856 2269,2856 2269,2857 2269,2858 2270,2859 2270,2871 2269,2872 2269,2873 2268,2874 2268,2875 2267,2876 2267,2877 2266,2878 2265,2878 2264,2879 2223,2879 2222,2880 2222,2881 2220,2883 2219,2883 2218,2884 2218,2885 2218,2885 2217,2885 2216,2886 2215,2886 2214,2887 2210,2887 2209,2886 2206,2886 2204,2885 2204,2884 2203,2882 1926,2882 1925,2883 1925,2891 1924,2892 1924,2893 1924,2893 1923,2893 1922,2894 1797,2894 1796,2895 1794,2895 1792,2893 1591,2893 1590,2894 1590,2898 1590,2898"/><TextEquiv index="1"><Unicode>to penetrate. Pĕnĕtro, 1, metapp.— Of penetrating a person's dig</Unicode></TextEquiv></TextLine><TextLine id="r0_l045"><Coords points="1398,2961 1397,2960 1394,2960 1393,2959 1392,2959 1391,2959 1391,2958 1391,2957 1355,2957 1354,2958 1352,2957 1352,2956 1351,2955 1351,2946 1351,2945 1266,2945 1265,2944 1211,2944 1210,2943 1165,2943 1164,2942 1125,2942 1124,2943 1091,2943 1090,2942 1026,2942 1025,2943 1008,2943 1007,2944 1005,2944 1004,2943 910,2943 909,2944 907,2944 906,2943 846,2943 845,2944 845,2953 844,2954 844,2955 844,2955 843,2955 842,2956 831,2956 830,2955 829,2955 828,2955 828,2942 828,2941 795,2941 794,2942 792,2942 791,2941 752,2941 751,2942 749,2942 748,2941 747,2941 745,2940 745,2930 745,2929 672,2929 671,2930 671,2938 670,2939 670,2940 670,2940 669,2940 668,2941 652,2941 651,2942 641,2942 640,2941 604,2941 603,2942 603,2944 602,2945 602,2946 601,2947 601,2948 600,2949 600,2950 599,2951 598,2951 597,2952 596,2952 595,2953 594,2953 593,2954 592,2954 591,2953 590,2953 589,2953 589,2939 589,2938 541,2938 540,2939 539,2939 538,2940 459,2940 458,2941 448,2941 447,2940 446,2940 445,2939 444,2939 441,2937 441,2933 442,2932 442,2916 443,2915 443,2914 446,2911 447,2911 448,2910 449,2910 450,2909 526,2909 529,2906 529,2905 532,2902 534,2902 535,2901 548,2901 548,2901 548,2897 549,2896 549,2895 550,2894 557,2894 557,2895 557,2896 558,2897 558,2909 559,2909 580,2909 581,2910 582,2910 585,2914 585,2915 586,2916 586,2918 587,2919 587,2922 588,2923 588,2929 589,2929 628,2929 628,2929 628,2927 629,2926 629,2925 630,2924 630,2923 633,2920 633,2919 634,2918 634,2917 635,2916 635,2915 636,2914 636,2913 637,2912 637,2911 640,2908 640,2907 641,2906 641,2905 642,2904 642,2903 643,2902 643,2901 644,2900 644,2899 645,2898 646,2898 647,2897 649,2897 650,2898 651,2898 651,2899 651,2919 652,2919 695,2919 696,2920 738,2920 738,2920 738,2900 739,2899 739,2898 740,2897 741,2897 743,2895 773,2895 777,2900 777,2910 778,2910 835,2910 836,2911 946,2911 947,2910 947,2909 948,2908 948,2907 949,2906 949,2905 950,2904 954,2904 954,2905 954,2906 955,2907 955,2909 956,2910 956,2911 958,2912 1014,2912 1015,2911 1016,2911 1017,2910 1017,2909 1018,2908 1018,2907 1019,2906 1020,2906 1021,2905 1023,2905 1024,2906 1025,2906 1025,2907 1025,2909 1026,2910 1026,2912 1028,2913 1077,2913 1077,2913 1077,2899 1078,2898 1078,2897 1079,2896 1080,2896 1081,2895 1084,2895 1085,2896 1086,2896 1089,2900 1089,2903 1091,2905 1091,2912 1092,2912 1138,2912 1138,2912 1138,2909 1139,2908 1139,2906 1140,2905 1140,2903 1142,2901 1142,2900 1143,2899 1144,2899 1146,2897 1147,2897 1148,2896 1156,2896 1158,2899 1158,2901 1159,2902 1159,2911 1160,2911 1166,2911 1167,2912 1226,2912 1226,2912 1226,2899 1227,2898 1228,2898 1229,2897 1231,2897 1232,2896 1236,2896 1237,2897 1238,2897 1240,2900 1240,2911 1241,2911 1242,2911 1243,2912 1249,2912 1250,2913 1294,2913 1295,2914 1329,2914 1329,2914 1329,2901 1332,2898 1340,2898 1341,2899 1342,2899 1343,2901 1343,2904 1344,2905 1344,2930 1345,2930 1389,2930 1389,2930 1389,2917 1390,2916 1390,2915 1391,2914 1392,2914 1393,2913 1513,2913 1514,2912 1563,2912 1565,2910 1565,2909 1568,2906 1569,2906 1570,2905 1583,2905 1583,2905 1583,2901 1586,2898 1592,2898 1594,2901 1594,2912 1595,2912 1612,2912 1613,2913 1618,2913 1623,2919 1623,2922 1624,2923 1624,2926 1625,2927 1625,2932 1626,2932 1632,2932 1633,2933 1634,2933 1635,2934 1636,2934 1636,2935 1636,2937 1637,2938 1637,2941 1636,2942 1636,2943 1634,2945 1633,2945 1632,2946 1631,2946 1630,2947 1629,2946 1628,2946 1627,2945 1517,2945 1516,2946 1515,2945 1473,2945 1472,2946 1453,2946 1452,2947 1448,2947 1447,2947 1447,2946 1447,2945 1409,2945 1408,2946 1408,2958 1406,2960 1403,2960 1402,2961"/><TextEquiv index="1"><Unicode>sentio, 4.—To penetrate beforehand, præsentio.</Unicode></TextEquiv></TextLine><TextLine id="r0_l046"><Coords points="535,3020 534,3020 534,3005 534,3004 430,3004 429,3005 426,3005 425,3006 399,3006 398,3007 398,3017 397,3018 379,3018 377,3017 377,3016 376,3015 376,2973 379,2970 444,2970 445,2969 484,2969 485,2968 506,2968 509,2965 509,2964 510,2963 510,2962 512,2960 514,2960 515,2959 517,2962 517,2967 518,2968 518,2969 519,2969 589,2969 589,2969 589,2954 590,2953 591,2953 591,2954 591,2969 592,2969 594,2967 594,2966 596,2964 596,2963 597,2962 598,2962 599,2961 600,2961 601,2960 617,2960 618,2959 618,2958 619,2957 620,2957 621,2956 625,2956 626,2957 627,2957 627,2958 627,2959 628,2960 628,2969 629,2969 689,2969 690,2970 691,2970 691,2971 693,2973 693,2974 694,2975 694,2978 695,2979 695,2990 696,2990 707,2990 708,2991 711,2991 712,2993 712,2994 713,2994 786,2994 786,2994 786,2993 787,2992 787,2990 788,2989 788,2987 789,2986 789,2985 790,2984 790,2983 791,2982 791,2979 792,2978 792,2977 793,2976 793,2974 794,2973 794,2971 795,2970 795,2968 796,2967 796,2963 799,2960 799,2955 800,2954 800,2953 801,2952 804,2952 807,2949 808,2949 809,2948 811,2948 813,2951 813,2966 814,2966 873,2966 875,2969 875,2974 876,2974 918,2974 919,2975 1038,2975 1038,2975 1038,2961 1039,2960 1040,2960 1041,2959 1056,2959 1057,2958 1060,2958 1060,2959 1060,2960 1061,2960 1105,2960 1106,2961 1107,2961 1108,2963 1108,2966 1109,2967 1109,2975 1110,2975 1129,2975 1130,2976 1132,2976 1133,2977 1217,2977 1218,2976 1264,2976 1264,2976 1264,2975 1265,2974 1265,2971 1268,2968 1272,2968 1274,2971 1274,2972 1275,2973 1275,2994 1276,2994 1284,2994 1285,2995 1286,2995 1287,2997 1287,2998 1288,2999 1288,3000 1289,3001 1289,3005 1288,3006 1288,3007 1288,3007 1286,3007 1285,3008 1265,3008 1264,3009 1262,3009 1261,3008 1154,3008 1152,3010 1152,3011 1151,3012 1151,3013 1150,3014 1150,3016 1150,3016 1149,3016 1148,3017 1147,3017 1146,3018 1145,3018 1144,3019 1141,3019 1138,3017 1138,3008 1138,3007 1065,3007 1064,3006 838,3006 837,3005 781,3005 780,3004 653,3004 652,3005 601,3005 600,3004 539,3004 538,3005 538,3020 538,3020"/><TextEquiv index="1"><Unicode>penetration. Acūmen —ĭnis, net.</Unicode></TextEquiv></TextLine><TextLine id="r0_l047"><Coords points="377,3021 1043,3021 1043,3082 377,3082"/><TextEquiv index="1"><Unicode>a peninsula. Pēninsŭla.</Unicode></TextEquiv></TextLine><TextLine id="r0_l048"><Coords points="376,3084 1010,3084 1010,3146 376,3146"/><TextEquiv index="1"><Unicode>penitence. Pænĭtentia.</Unicode></TextEquiv></TextLine><TextLine id="r0_l049"><Coords points="1226,3216 1225,3215 1223,3215 1222,3215 1222,3212 1222,3211 1221,3211 1220,3211 1220,3203 1220,3202 1209,3202 1208,3201 1027,3201 1026,3200 917,3200 916,3199 915,3199 914,3198 398,3198 397,3199 397,3206 396,3207 396,3208 396,3208 395,3208 394,3209 380,3209 379,3208 378,3208 377,3208 377,3207 376,3206 376,3169 375,3168 375,3166 376,3165 376,3164 377,3163 378,3163 379,3162 396,3162 397,3161 478,3161 478,3161 478,3151 481,3148 482,3148 483,3147 722,3147 723,3148 823,3148 824,3149 825,3149 826,3151 826,3152 828,3153 1031,3153 1032,3154 1033,3154 1034,3155 1044,3155 1045,3157 1045,3159 1046,3159 1120,3159 1121,3160 1322,3160 1324,3163 1324,3169 1325,3169 1326,3169 1327,3170 1328,3170 1328,3171 1328,3172 1329,3173 1329,3186 1331,3187 1338,3187 1339,3188 1340,3188 1342,3191 1342,3192 1343,3193 1343,3199 1342,3200 1342,3201 1340,3203 1335,3203 1334,3204 1331,3204 1330,3205 1240,3205 1239,3206 1239,3213 1238,3214 1237,3214 1236,3215 1232,3215 1231,3216"/><TextEquiv index="1"><Unicode>penitent. Pænĭtens.—See to repent.</Unicode></TextEquiv></TextLine><TextLine id="r0_l050"><Coords points="373,3215 881,3215 881,3276 373,3276"/><TextEquiv index="1"><Unicode>penman. Scriptor.</Unicode></TextEquiv></TextLine><TextLine id="r0_l051"><Coords points="437,3336 436,3335 433,3335 432,3334 429,3334 427,3333 427,3324 427,3323 383,3323 382,3322 380,3322 379,3321 378,3321 377,3321 377,3320 376,3319 376,3318 375,3317 375,3316 374,3315 374,3313 375,3312 375,3296 376,3295 376,3294 378,3292 378,3291 379,3290 380,3290 381,3289 382,3289 383,3288 386,3288 387,3287 449,3287 450,3288 707,3288 707,3288 706,3286 705,3286 703,3285 703,3284 702,3283 703,3282 703,3281 705,3279 813,3279 814,3278 842,3278 843,3277 851,3277 852,3279 852,3282 853,3283 853,3293 854,3293 882,3293 883,3294 925,3294 926,3295 927,3295 928,3296 929,3296 929,3297 929,3298 930,3299 930,3300 931,3301 931,3313 932,3313 946,3313 947,3314 948,3314 950,3317 950,3319 951,3320 950,3321 950,3324 948,3326 941,3326 940,3325 450,3325 449,3326 449,3333 447,3335 444,3335 443,3336"/><TextEquiv index="1"><Unicode>a pennon. Vexillum.</Unicode></TextEquiv></TextLine><TextLine id="r0_l052"><Coords points="1120,3410 1119,3410 1119,3408 1119,3407 866,3407 865,3407 865,3406 865,3405 813,3405 812,3404 810,3404 808,3403 808,3400 808,3399 381,3399 380,3398 377,3398 375,3397 375,3396 374,3395 374,3358 373,3357 374,3356 374,3353 375,3352 376,3352 377,3351 382,3351 383,3350 540,3350 540,3350 540,3343 543,3340 544,3340 545,3339 721,3339 721,3339 721,3335 722,3334 722,3333 723,3332 724,3332 725,3331 742,3331 743,3330 746,3330 748,3333 748,3342 749,3342 1073,3342 1073,3343 1073,3344 1074,3345 1074,3346 1075,3346 1318,3346 1319,3347 1321,3347 1322,3348 1324,3348 1325,3349 1326,3349 1327,3350 1330,3350 1331,3351 1333,3351 1334,3353 1334,3361 1335,3361 1498,3361 1501,3365 1501,3366 1502,3367 1502,3381 1503,3381 1512,3381 1513,3382 1514,3382 1514,3383 1514,3385 1515,3386 1515,3391 1514,3392 1514,3393 1511,3396 1413,3396 1412,3397 1412,3407 1410,3409 1399,3409 1398,3410"/><TextEquiv index="1"><Unicode>pennyless. Inops -ŏpis, ĕgēnus.—See poer.</Unicode></TextEquiv></TextLine><TextLine id="r0_l053"><Coords points="1630,3475 1629,3475 1629,3474 1629,3473 1432,3473 1430,3471 1429,3471 1428,3471 1428,3468 1428,3467 1109,3467 1108,3466 1107,3466 1105,3464 903,3464 902,3463 567,3463 566,3462 435,3462 434,3461 429,3461 426,3459 426,3451 426,3450 402,3450 401,3449 382,3449 381,3448 380,3448 379,3447 378,3447 377,3446 376,3446 374,3445 374,3444 373,3443 373,3423 378,3418 379,3418 380,3417 381,3417 383,3415 385,3415 386,3414 694,3414 694,3414 694,3411 695,3410 695,3409 698,3406 699,3406 700,3405 702,3405 704,3407 873,3407 875,3409 1589,3409 1590,3408 2185,3408 2185,3408 2185,3405 2186,3404 2187,3404 2188,3403 2189,3403 2190,3402 2236,3402 2239,3399 2244,3399 2244,3400 2244,3401 2245,3402 2245,3413 2246,3413 2256,3413 2257,3414 2258,3414 2260,3417 2260,3419 2261,3420 2261,3422 2262,3423 2262,3429 2261,3430 2261,3431 2260,3432 2260,3439 2257,3442 2257,3443 2256,3444 2246,3444 2244,3446 2243,3446 2242,3447 2209,3447 2206,3450 2191,3450 2190,3451 2158,3451 2156,3453 2155,3453 2154,3454 2153,3454 2152,3455 2129,3455 2128,3456 2111,3456 2110,3457 2109,3457 2108,3458 2055,3458 2054,3459 2034,3459 2033,3460 2033,3463 2032,3464 2032,3467 2031,3468 2031,3469 2030,3470 2030,3471 2030,3471 2029,3471 2028,3472 2027,3472 2026,3473 2021,3473 2020,3474 1633,3474 1632,3475"/><TextEquiv index="1"><Unicode>a penny. As, assis, masc. (it was really in the Augustine age but lt</Unicode></TextEquiv></TextLine><TextLine id="r0_l054"><Coords points="1408,3534 1407,3533 1406,3533 1405,3533 1405,3524 1405,3523 1372,3523 1371,3522 1236,3522 1235,3521 1217,3521 1216,3520 1204,3520 1203,3519 1165,3519 1164,3520 1161,3520 1160,3519 1157,3519 1156,3518 1103,3518 1102,3517 1064,3517 1063,3518 1063,3521 1062,3522 1062,3523 1061,3524 1061,3525 1058,3528 1058,3529 1058,3529 1057,3529 1056,3530 1055,3530 1054,3531 1052,3531 1051,3530 1050,3530 1048,3529 1048,3526 1048,3525 1012,3525 1011,3526 1011,3527 1009,3529 1008,3529 1005,3532 1003,3532 1002,3533 1000,3533 999,3532 998,3532 997,3531 996,3531 995,3531 995,3530 994,3529 994,3518 994,3517 957,3517 956,3518 933,3518 932,3517 891,3517 890,3518 890,3529 889,3530 889,3531 889,3531 888,3531 887,3532 852,3532 851,3533 843,3533 842,3533 842,3517 842,3516 818,3516 817,3515 755,3515 749,3515 748,3516 732,3516 731,3515 728,3515 727,3514 689,3514 688,3515 640,3515 639,3514 608,3514 607,3513 592,3513 590,3511 551,3511 550,3512 444,3512 443,3513 442,3512 441,3512 440,3511 439,3511 438,3511 438,3510 437,3509 437,3508 436,3507 437,3506 437,3485 441,3481 442,3481 443,3480 455,3480 456,3481 500,3481 501,3482 585,3482 586,3481 586,3480 588,3478 588,3477 589,3476 590,3476 591,3475 602,3475 602,3475 602,3471 603,3470 603,3469 604,3468 605,3468 606,3467 610,3467 611,3468 613,3468 614,3470 614,3471 615,3472 615,3482 617,3483 671,3483 672,3484 684,3484 685,3485 686,3485 687,3487 687,3488 688,3489 688,3490 689,3490 726,3490 726,3490 726,3489 729,3486 730,3486 731,3485 733,3485 734,3484 740,3484 741,3485 743,3485 744,3486 745,3486 746,3488 746,3489 747,3489 781,3489 781,3489 781,3470 782,3469 785,3469 786,3468 791,3468 792,3469 794,3469 794,3470 794,3473 795,3474 795,3484 796,3484 798,3484 799,3485 840,3485 840,3485 840,3471 841,3470 842,3470 843,3469 850,3469 851,3470 877,3470 878,3471 879,3471 880,3473 880,3474 881,3475 881,3487 882,3487 912,3487 913,3486 1024,3486 1026,3489 1026,3490 1028,3491 1093,3491 1094,3490 1094,3489 1099,3484 1099,3482 1101,3480 1102,3480 1103,3479 1104,3479 1105,3478 1117,3478 1117,3478 1117,3474 1119,3472 1120,3472 1121,3471 1124,3471 1125,3472 1126,3472 1128,3475 1128,3476 1129,3477 1129,3486 1131,3487 1134,3487 1135,3488 1159,3488 1160,3489 1167,3489 1168,3490 1206,3490 1206,3490 1206,3479 1207,3478 1207,3477 1208,3476 1209,3476 1210,3475 1213,3475 1214,3474 1218,3474 1219,3476 1219,3477 1221,3479 1221,3482 1222,3483 1222,3490 1223,3490 1335,3490 1335,3490 1335,3481 1336,3480 1336,3478 1338,3476 1339,3476 1340,3475 1343,3475 1344,3476 1346,3476 1346,3477 1346,3490 1347,3490 1398,3490 1399,3491 1400,3491 1401,3493 1401,3494 1402,3495 1402,3508 1403,3509 1403,3510 1404,3510 1440,3510 1440,3510 1440,3495 1441,3494 1441,3493 1442,3492 1443,3492 1444,3491 1445,3491 1446,3490 1485,3490 1485,3490 1485,3477 1487,3475 1488,3475 1489,3474 1494,3474 1495,3475 1559,3475 1560,3474 1561,3474 1562,3473 1567,3473 1568,3474 1570,3474 1570,3475 1570,3476 1571,3477 1571,3478 1572,3479 1572,3490 1573,3490 1578,3490 1579,3491 1582,3491 1585,3495 1585,3496 1586,3497 1586,3508 1587,3509 1587,3514 1588,3514 1623,3514 1623,3514 1623,3495 1624,3494 1624,3493 1625,3492 1625,3479 1626,3478 1626,3477 1628,3475 1634,3475 1635,3477 1635,3482 1636,3483 1636,3490 1637,3490 1652,3490 1653,3491 1658,3491 1659,3492 1660,3492 1660,3493 1660,3494 1661,3495 1661,3508 1662,3508 1699,3508 1699,3508 1699,3505 1700,3504 1700,3501 1701,3500 1701,3499 1702,3498 1702,3497 1706,3493 1707,3493 1708,3492 1709,3492 1710,3491 1728,3491 1729,3490 1729,3489 1730,3488 1730,3487 1732,3485 1732,3483 1733,3482 1733,3481 1736,3478 1737,3478 1738,3477 1741,3477 1742,3476 1744,3476 1745,3477 1746,3477 1747,3478 1748,3478 1750,3481 1750,3485 1751,3485 1754,3485 1755,3486 1756,3486 1756,3487 1756,3488 1757,3489 1757,3490 1760,3492 1807,3492 1808,3491 1848,3491 1851,3488 1851,3487 1854,3484 1858,3484 1858,3485 1858,3486 1859,3487 1859,3490 1862,3492 1969,3492 1969,3492 1969,3479 1972,3476 1976,3476 1977,3477 1978,3477 1979,3478 1980,3478 1980,3479 1980,3480 1981,3481 1981,3482 1982,3483 1982,3484 1983,3484 2024,3484 2026,3487 2026,3488 2027,3489 2027,3491 2028,3491 2067,3491 2067,3491 2067,3481 2068,3480 2068,3479 2070,3477 2071,3477 2072,3476 2078,3476 2078,3477 2078,3478 2079,3479 2079,3480 2080,3481 2080,3488 2082,3489 2119,3489 2120,3488 2177,3488 2180,3485 2195,3485 2196,3484 2213,3484 2214,3483 2215,3483 2216,3482 2235,3482 2236,3481 2237,3481 2238,3480 2245,3480 2246,3479 2247,3479 2248,3478 2250,3478 2252,3481 2252,3496 2253,3496 2258,3496 2259,3497 2260,3497 2261,3499 2261,3500 2262,3501 2262,3507 2261,3508 2261,3511 2260,3512 2260,3513 2258,3515 2257,3515 2256,3516 2256,3517 2256,3517 2245,3517 2244,3518 2244,3519 2241,3522 2241,3523 2240,3524 2240,3525 2240,3525 2239,3525 2238,3526 2236,3526 2232,3523 2232,3522 2231,3521 2231,3516 2231,3515 2185,3515 2184,3516 2183,3516 2182,3517 2162,3517 2161,3518 2161,3529 2160,3530 2160,3531 2158,3533 2150,3533 2149,3533 2149,3532 2149,3531 2148,3531 2147,3531 2147,3523 2147,3522 2081,3522 2080,3523 2049,3523 2048,3524 2022,3524 2021,3523 1983,3523 1982,3524 1965,3524 1964,3525 1960,3525 1959,3524 1921,3524 1920,3525 1914,3525 1913,3524 1859,3524 1858,3525 1854,3525 1852,3523 1781,3523 1780,3524 1778,3524 1777,3523 1713,3523 1712,3524 1711,3523 1708,3523 1707,3522 1706,3522 1705,3521 1704,3521 1703,3521 1703,3520 1702,3519 1702,3518 1701,3517 1701,3514 1700,3513 1700,3510 1700,3509 1663,3509 1662,3510 1662,3515 1661,3516 1661,3519 1660,3520 1660,3521 1660,3521 1659,3521 1658,3522 1657,3522 1656,3523 1642,3523 1641,3522 1640,3522 1639,3521 1625,3521 1585,3521 1584,3522 1553,3522 1552,3523 1551,3523 1550,3524 1542,3524 1541,3523 1524,3523 1523,3522 1459,3522 1458,3523 1419,3523 1418,3524 1418,3525 1417,3526 1417,3527 1416,3528 1416,3530 1413,3533 1411,3533 1410,3534"/><TextEquiv index="1"><Unicode>more than a halfpenny; the denarius, which is often translated a pnnj</Unicode></TextEquiv></TextLine><TextLine id="r0_l055"><Coords points="427,3615 426,3615 426,3534 426,3533 427,3532 428,3532 429,3531 456,3531 457,3530 635,3530 636,3531 637,3531 638,3532 639,3532 640,3533 852,3533 853,3534 935,3534 936,3535 937,3535 938,3536 1095,3536 1096,3537 1097,3537 1098,3538 1099,3538 1099,3539 1099,3540 1104,3545 1104,3546 1106,3548 1106,3549 1107,3550 1107,3551 1109,3553 1109,3556 1110,3557 1110,3560 1111,3561 1111,3563 1112,3564 1112,3570 1113,3570 1124,3570 1126,3573 1126,3575 1127,3576 1127,3581 1125,3583 1106,3583 1103,3586 1103,3587 1102,3588 1102,3589 1098,3593 1097,3593 1095,3595 1065,3595 1064,3596 1062,3596 1061,3597 510,3597 508,3595 507,3595 504,3592 503,3592 499,3588 498,3588 495,3585 494,3585 490,3581 489,3581 485,3577 484,3577 481,3574 480,3574 478,3572 455,3572 454,3571 451,3571 450,3571 450,3570 449,3569 449,3568 448,3567 448,3566 447,3565 447,3562 446,3561 446,3560 445,3559 445,3556 441,3551 439,3551 438,3551 438,3550 437,3549 437,3548 436,3547 436,3540 435,3538 434,3538 431,3535 430,3535 429,3536 429,3615 429,3615"/><TextEquiv index="1"><Unicode>was eightpence-halfpenny).</Unicode></TextEquiv></TextLine><TextLine id="r0_l056"><Coords points="1283,3665 1282,3664 1279,3664 1278,3663 1277,3663 1273,3660 1273,3659 1273,3658 903,3658 902,3657 847,3657 846,3656 843,3656 842,3655 841,3655 840,3655 840,3653 840,3652 670,3652 667,3649 666,3649 665,3649 665,3648 662,3645 662,3644 661,3643 661,3641 660,3640 660,3638 659,3637 659,3634 658,3633 658,3630 657,3629 657,3617 658,3616 658,3613 659,3612 659,3611 660,3610 660,3607 661,3606 661,3605 662,3604 662,3603 663,3602 663,3601 664,3600 664,3599 665,3598 665,3597 668,3594 670,3594 671,3593 674,3593 675,3595 675,3597 676,3597 696,3597 697,3598 698,3598 699,3600 699,3607 700,3607 1227,3607 1227,3607 1227,3606 1228,3605 1228,3604 1230,3602 1756,3602 1759,3605 1992,3605 1993,3606 1994,3606 1994,3607 1994,3608 1995,3609 1995,3610 1996,3611 1996,3620 1997,3620 2014,3620 2015,3621 2016,3621 2017,3622 2018,3622 2019,3623 2020,3623 2021,3624 2022,3624 2022,3625 2022,3626 2023,3627 2023,3630 2024,3631 2024,3639 2025,3639 2030,3639 2031,3640 2034,3640 2036,3643 2036,3644 2037,3645 2037,3649 2036,3650 2036,3651 2035,3652 2035,3653 2034,3654 2033,3654 2032,3655 1766,3655 1760,3661 1759,3661 1758,3662 1757,3662 1756,3663 1755,3663 1754,3664 1754,3665 1754,3665"/><TextEquiv index="1"><Unicode>(i. e a payment recurring at fixed intervals). Pensic.</Unicode></TextEquiv></TextLine><TextLine id="r0_l057"><Coords points="853,3721 852,3721 852,3718 852,3717 851,3717 849,3715 815,3715 813,3714 813,3705 813,3704 801,3704 800,3703 432,3703 431,3704 431,3706 431,3706 430,3705 429,3705 428,3705 429,3704 430,3704 430,3704 430,3703 431,3702 672,3702 672,3702 671,3700 670,3699 669,3699 668,3698 585,3698 584,3697 565,3697 564,3696 563,3696 562,3695 561,3695 559,3693 534,3693 533,3693 533,3692 532,3691 532,3690 531,3689 531,3688 530,3687 530,3686 529,3685 529,3684 528,3683 528,3682 527,3681 527,3680 526,3679 526,3678 525,3677 525,3675 519,3669 519,3668 518,3667 518,3665 521,3662 526,3662 527,3661 661,3661 665,3657 666,3657 667,3656 668,3656 669,3655 670,3655 671,3654 672,3655 673,3655 674,3656 752,3656 753,3657 754,3657 755,3658 756,3658 756,3659 756,3660 758,3661 969,3661 972,3664 1105,3664 1106,3665 1107,3665 1108,3666 1109,3666 1110,3667 1250,3667 1251,3668 1252,3668 1252,3669 1252,3670 1253,3671 1253,3672 1254,3673 1254,3700 1255,3700 1266,3700 1267,3701 1268,3701 1269,3703 1269,3704 1270,3705 1270,3708 1271,3709 1271,3711 1270,3712 1270,3713 1268,3715 1267,3715 1266,3716 1265,3716 1264,3717 1262,3717 1261,3716 1179,3716 1177,3715 1177,3714 1177,3713 1138,3713 1137,3712 875,3712 874,3713 874,3714 873,3715 873,3716 871,3718 870,3718 869,3719 866,3719 865,3720 862,3720 861,3721"/><TextEquiv index="1"><Unicode>ve. Sērius, grăvis.—See sad.</Unicode></TextEquiv></TextLine><TextLine id="r0_l058"><Coords points="459,3771 459,3764 458,3763 458,3756 457,3755 457,3749 456,3748 456,3741 455,3740 455,3733 454,3732 454,3725 453,3724 453,3717 452,3716 452,3714 452,3713 435,3713 434,3713 434,3712 433,3711 433,3710 432,3709 432,3708 432,3707 431,3707 430,3707 431,3706 434,3706 435,3707 454,3707 454,3708 454,3711 455,3711 586,3711 587,3712 592,3712 593,3714 593,3715 594,3716 594,3717 595,3717 735,3717 736,3718 737,3718 738,3719 739,3719 740,3720 751,3720 752,3721 856,3721 856,3722 856,3732 857,3732 865,3732 866,3733 867,3733 868,3734 869,3734 870,3736 870,3737 871,3737 909,3737 910,3738 923,3738 924,3739 925,3739 926,3741 926,3744 927,3745 927,3758 928,3758 934,3758 935,3759 936,3759 937,3760 938,3760 940,3763 940,3765 939,3766 939,3768 937,3770 935,3770 934,3771 463,3771 462,3772"/><TextEquiv index="1"><Unicode>aively. Grăvĭter.</Unicode></TextEquiv></TextLine><TextLine id="r0_l059"><Coords points="427,3782 1000,3782 1000,3836 427,3836"/><TextEquiv index="1"><Unicode>amvencss. Grăvĭtas.</Unicode></TextEquiv></TextLine></TextRegion></Page></PcGts>