2039 3940
23 17 815 83 professedly. Nōmĭne, verbo.
26 81 2013 149 profession, i. e. declaration. Prŏfessio; i. e. occupation, business, ars -tis, fem.;
88 148 1174 211 professio; i. e. a promissum.
26 211 650 274 to proffer. Offĕro, irr.
25 276 2017 342 proflciency, i. e. improvement. Prōcessus, 4; progressus, 4; i. e. skill, q. v.,
88 344 272 404 pĕrītia.
25 402 989 465 proficient in. Pĕrītus.—See skilful.
26 467 1367 532 profit. Fructus, 4; lūcrum, quæstus, 4.—See gain.
27 533 2014 596 to profit, trans. Prōsum, jŭvo, 1; adjŭvo; intrans. lŭcror, 1; lucrifăcio, 3.
82 596 2015 664 —To seek to profit by the republic (to look upon the republic as only a
87 660 2013 725 source of profit) is shameful. Habere quæstui rempublicam turpe est. Cic.
22 725 1910 788 profitable. Fructōsus, quæstuōsus, ūtĭlis; i. e. expedient, q. v., ūtĭlis.
20 781 591 850 pofltably. tĭlĭter.
23 853 775 913 proltless. Stĕrĭlis, ĭnūtĭlis.
23 917 874 980 profligacy. Nēquĭtis, spurcĭtia.
21 979 2014 1047 profligate. Nequam, indecl.; perdĭtus, spurcus, impūrus, imprŏbus, dissŏ-
86 1047 945 1107 lūtus, infămis, scĕlestus, nefarius.
24 1109 1099 1173 profligately. Perdite, spurce, dissŏlūte.
20 1173 2014 1238 profound. Prŏfundus, altus (not applied to men, though often to intellect).
85 1237 1652 1303 —Most profound, i. e. lowest, most complete, intĭmus -Imus.
23 1302 615 1364 profoundly. Pĕnĭtus.
23 1366 634 1427 profundity. Altĭtūdo.
23 1427 1683 1495 profuse. Prŏfūsus, prōdĭgus; i. e. abundant, ăbundans, largus.
21 1493 1687 1560 profusely. Effūse, prōdĭge; i. e. abundantly, q. v., ăbundanter.
24 1556 1473 1620 profusion. Effūsio; i. e. abundance, cōpia, ăbundantia.
22 1621 1063 1684 progenitor. Păter —tris.—See ancestor.
22 1685 1301 1751 pregeny. Prōles, prōgĕnies, sŏbŏles.—See child.
23 1748 1027 1812 a prognostic. Augŭrium.—See omen.
24 1812 2013 1879 to prognosticate, i. e. foresee, q. v. Augŭror, 1; i. e. indicate (q. v.), signĭ-
88 1877 275 1937 fĭco, 1.
23 1939 1219 2006 prognostication. Augŭrium.—See prophecy.
21 2003 1576 2069 a prognosticator. Vates, augur —ŭris, masc.—See prophet.
19 2068 2009 2134 progress. Prōgressus, 4; progressio, prōcessus, 4.—Balbus who had made
82 2130 2007 2202 such progress in Stoic doctrines. Balbus qui tantos progressus habebat in
88 2198 430 2247 Stoicis. Cic.
20 2262 729 2324 progressively. Grădatim.
21 2324 1789 2390 to prohibit. Prohĭbeo, 2; vĕto, 2; interdico, 3, usu. c. ne and subj.
21 2390 1307 2454 prohibition. Prohibitio, interdictio, interdictum.
21 2448 2008 2517 to project. Mōlior, 4 (see to place); i e. to throw (q. v.), prōjĭcio, intrans.;
86 2519 986 2581 i. e. to jut out, ēmĭneo, 2; exsto, 1.
21 2580 1234 2646 a project. Consĭlium, prōpŏsĭtum.—See plan.
23 2646 624 2711 a projectile. Mīssĭle.
20 2709 1148 2774 a projection. Projectio, projectūra. Vitr.
20 2773 835 2835 a projector. Inventor, auctor.
20 2837 557 2898 prolific. Fēcundus.
20 2902 710 2961 prolificness. Fēcunditas.
19 2964 495 3033 prolix. Longus.
18 3028 629 3095 prolixity. Longĭtūdo.
19 3094 635 3159 a prologue. Prŏlŏgus.
18 3158 1685 3224 to prolong. Prodūco, 3; prōtraho, 3; prōfĕro, irr.; prōrŏgo, 1.
17 3221 2004 3289 a prolonging. Prōductio, prōlatio, prŏpāgātio, prōrŏgatio (esp. of a war, or
82 3289 543 3352 a period of office).
19 3349 710 3419 prominence. Emĭnentia.
18 3414 1073 3484 prominent. Promĭnens.—See principal.
20 3476 1110 3546 to be prominent. Emĭneo, 2; prōmĭneo.
18 3543 980 3606 promiscuous. Prōmiscuus, confūsus.
18 3607 1267 3675 promiscuously. Promiscue, confūse, permixte.
20 3671 834 3741 promiscuousness. Confūsio.
19 3734 2001 3806 a promise. Promissum, prōmissio, pollĭcĭtum, pollĭcĭtātio (esp. of a repeated
83 3801 1999 3869 promise).—On account of the promise which he had given to the enemy.
