1987 3893
72 17 1947 86 Propter fidem quam dederat hosti. Cic. [Cic. also says, for to keep s
74 85 1948 148 promise, fidem servo, exsolvo, præsto, in fide sto; for to break a promi,
75 149 1951 214 fidem violo, fallo, frango, in fide non sto.]—A man who had made him s
77 214 1948 277 solemn promise to be wholly devoted to him. Qui se illius fore proprium
76 276 1954 343 fide confirmarat. Nep.—Wise old men are pleased with young men of
77 342 1949 408 promise. Adolescentibus bonâ indole præditis sapientes senes delectantu.
80 405 1951 469 Cic.—A young man of the greatest promise, both in genius and dispo-
79 468 1950 532 tion. Adolescens sumâ spe et animi, et ingenii præditus. Cic.—A
83 535 1434 598 daughter of great promise. Egregiæ spei filia. Tac.
17 596 1951 661 to promise. Promitto, 3; pollĭceor, 2; spondeo, 2; rĕcĭpio, 3.—To promiæ
84 662 1949 727 or agree to give in the way of making a bargain, păciscor; so also pang,
84 725 592 789 only in perf. pĕpĭgi.
19 787 657 848 a promiser. Prōmissor.
21 855 1050 920 a promontory. Prōmontōrium, lingua.
19 917 1946 980 to promote, i. e. assist. Jŭvo, 1; adjuvo; i. e. to advance in dignity, augeo,
83 979 1949 1045 2; effĕro, irr.; prōveho, 3; prōmŏveo, 2 (Plin.); perdūco, 3; and c. ad and
84 1046 1949 1110 acc. of the dignity.—Who greatly promoted our objects. Qui mggs
89 1111 690 1161 nobis usui erant. Cæs.
21 1174 1112 1237 promoter (of a project). Auctor, adjūtor.
21 1236 1947 1301 promotion, i. e. the increase of dignity.—When Cæsar had advaned t
84 1302 1945 1365 the highest promotion. Quum Cæsar ad aummam dignitatem perduxemt.
87 1362 1947 1429 Cæs.—Their influence and promotion having been secured. Grtii
91 1428 1946 1493 eorum dignitateque amplificatâ. Cæs.—Riches are sought for the po
84 1491 1944 1557 motion of our plessures. Divitiæ expetuntur ad perfruendas voluptates. Ci.
23 1558 974 1624 prompt. Promptus, cĕler ĕris ere.
21 1621 1937 1681 to prompt, i. e. incite. Hortor, 1; stĭmŭlo, 1; incĭto, 1; i. e. to smgget
83 1685 1936 1753 subjico, 3.—I wish him to prompt me, if by chance I pass over any
85 1747 1674 1814 thing. Cupio mihi ab illo subjici si quid forte prætereo. Cic.
21 1815 1938 1879 a prompter, i. e. encourager. Hortator; i. e. a reminder (one who prompts, a
86 1879 670 1939 speaker, &c.), mŏnĭtor.
20 1941 822 2005 promptly. Prompte, cĕlĕrĭter.
20 2007 648 2066 promptness. Cĕlĕrĭtas.
22 2070 1948 2135 to promulgate, i. e. propose (a law). Prōmulgo, 1; i. e. to make known,
87 2136 527 2198 vulgo, 1; dīvulgo.
23 2198 798 2263 promulgation. Prōmulgātio.
19 2263 1529 2329 promulgator, of a law. Lātor.—Of a story, &c., vulgātor.
19 2328 977 2393 prone. Prōnus, prōpensus, prōclĭvis.
19 2392 626 2454 proneness. Prōpensio.
19 2455 749 2521 a prong. Dens —tis, masc.
19 2519 1129 2582 a pronoun. Prōnōmen -ĭnis, eut. Varr.
19 2578 1954 2648 to pronounce, i. e. articulate. Dīco, 3; prōnuntio, 1 (Plin.); i. e. decide ss s
80 2645 763 2708 judge, stătuo, 3; jūdĭco, 1.
17 2707 1484 2776 pronuntiation. Dictio, prōnuntiatio, appellatio, prōlatio.
18 2770 1956 2839 proof. Argūmentum, dŏcŭmentum.—Experimental proof, expĕrimentum.
80 2832 1955 2906 —They wished to make proof of my good faith and diligence. Vols
83 2902 1435 2965 erunt meæ fidei dligentiæque periculum facere. Cic.
19 2964 1564 3030 to be proof against. Rĕsisto, 3.—See to resist, to conquer.
20 3029 1067 3096 to prop. Fulcio, 4; effulcio, sustĭneo, 3.
20 3093 1051 3154 a prop. Fulcrum, 'fulcīmen -ĭnis, neut.
20 3155 1957 3224 to propagate. Prŏpāgo, 1; (a report, an opinion, &c.,) spargo, 3; dipege
83 3218 1958 3292 —An opinion has been widely propagated by general conveao.
87 3285 1139 3350 Opinio omnium sermone percrebuit. Cic.
19 3349 715 3413 propagation. Prŏpagstio.
20 3414 1256 3482 propagator. Prŏpāgātor; (of a report,) auctor.
20 3476 864 3541 to propel. Prōpello, 3; impello.
20 3540 928 3606 propense. Prōpensus.—See prone.
21 3596 1958 3701 propensity, i. e. proneness, propensio; i. e. general disposition, indŏles, c. gn
88 3661 496 3712 or c. ad and acc.
23 3723 1959 3803 proper, i. e. belonging especially to. Prŏprius, c. gen., more rarely c. dat.;
89 3781 1962 3868 i. e. right, rectus, honestus; i. e. becoming, dĕcorus; i. e. suitable (r s
