2034 3883
29 19 898 84 proverbial. Proverbialis. Gell.
32 81 2009 149 to provide. Păro. 1.—To provide for, consŭlo, 3; prōvĭdeo, 2; prospĭcio, 3 (all
84 148 2008 212 c. dat.); căvee, c. dat., but moreusu.c. ne (to provide against).—To provide, ie.
97 211 2010 277 to supply, suppĕdĭto, 1; mĭnistro, 1; præbeo.—To provide with, i. e. furnish,
94 275 2009 341 instruo, 3.—Which was provided by the Gabinian Law. Quod lege
96 339 2008 402 Gabiniâ sanctum est. Cic.—You always thought that you would have
94 403 2007 469 provided sufficiently for your own defence. Semper existimâsti satis cautum
95 467 2007 530 tibi ad defensionem fore. Cic.—Cæsar provides for their being injured
94 531 1660 595 in no point. Ne quid eis noceretur a Cæsare cavetur. Cæs.
31 594 2006 659 provided that. Mŏdŏ, dummŏdo, dum.—Provided they do not interrupt
94 659 1813 722 me. Dum ne interpellent. Cic. So (more usual) modo ne. Cic.
31 722 2004 802 providence. Prōvĭdentia, prudentia; i. e. the Deity, nūmen —ĭnis, aet.—
91 791 318 840 See God.
29 849 1135 916 provident. Prōvĭdens, prōvĭdus, prūdens.
28 914 1030 979 providently. Prōvĭdenter, prūdenter.
28 978 1060 1042 a provider. Mĭnister -tri, mĭnistrātor.
30 1044 661 1107 a province. Prōvincia.
29 1108 708 1173 provincial. Prōvincialis.
31 1168 2002 1234 provisions. Pĕnus, 4; also penus -ŏris, ext.; victus, 4; annōna; for an
90 1234 2002 1301 army, commeatus, 4; provision for a journey (including everything), viāti-
25 1361 2003 1426 provision, i. e. care. Prōvisio, cura.—There is especially one thing against
90 1425 1999 1491 which we should be on our guard, and against which we should make pro-
89 1489 1679 1552 vision. Omnino una cautio est atque una provisio, ne... Cic.
29 1556 539 1618 a proviso. Cautio.
27 1619 1193 1682 provocation. Irrĭtatio; i. e. anger, q. v., ira.
27 1679 1998 1748 to provoke, i. e. challenge.—Prōvŏco, 1; i. e. irritate, irĭto, 1; lăcesso, 3.—
89 1749 429 1798 See to excite.
25 1813 407 1876 prow. Prōra.
24 1872 778 1939 prowess. Virtus —ūtis, fem.
24 1929 1991 2003 to prowl about. Obeo, 4.—Nor does the bear at evening prowl around
85 1999 1713 2066 the sheepfold. Nec vespertinus circumgemit ursus ovile. Hor.
21 2068 645 2131 proximate. Proxĭmus.
20 2130 1067 2194 proximity. Proxĭmĭtas.—See nearness.
21 2192 1159 2258 prudence. Prūdentia, consĭlium, sagācĭtas.
20 2251 1566 2322 prudent. Prūdens, săgax, prōvĭdus, cautus, consĭdĕrātas.
20 2324 1135 2386 prudently. Prudenter, caute, consīdĕrate.
20 2381 1876 2448 to prune. Pŭto, 1; attondeo, præcīdo, 3.—To prune away, ampŭto, 1.
21 2453 524 2513 a prune. Prūnum.
20 2515 1004 2577 a pruner. Pŭtstor (Plin.), frondātor.
20 2579 913 2642 a pruning-knife. Falx -cis, fem.
20 2645 1232 2705 prurience. Prūrĭtus. Plin.—See wantonness.
20 2702 1864 2769 to pry into. Spĕcŭlor, 1; perscrūtor, 1; conspĭcio, 3.—See to examine.
21 2772 895 2833 puberty. Pūbertas, ădŏlescentis.
20 2832 1291 2897 of the age of puberty. Pūber -ĕris, ădŏlescens.
20 2895 1808 2960 to be of or arrive at the age of puberty. Puūbesco, 3; ădŏlesco, 3.
19 2963 510 3026 public. Pblĭcus.
20 3020 1940 3089 a publican. Caupo -onis, masc.; i. e. a farmer of the revenue, publicānus.
19 3091 1055 3154 publication of a law, &c. Prōmulgātio.
22 3155 672 3218 a publichouse. Pŏpīna.
21 3218 553 3282 publicity. Notĭtis.
20 3280 1102 3344 publicly. Publĭce; i. e. generally, vulgo.
21 3338 1986 3410 to publish (a fact). Vulgo, 1; dīvulgo; (a book) ēdo, 3; prōfĕro.—It is
83 3405 1981 3471 the act of a man who collects as many witnesses as possible of his folly
81 3471 1983 3540 by publishing it himself. Hominis est stultitiæ suæ quam plurimos testes
81 3538 1006 3601 domestico præconio colligentis. Cic.
19 3602 796 3669 a pudding. Bŏtŭlus. Mart.
19 3667 573 3730 a puddle. Stagnum.
18 3732 503 3794 puerile. Puĕrīlis.
18 3795 765 3859 puerility. Puerilitas. Sen
