2064 3878
17 18 923 77 renewal. Rĕnŏvātio, instaurātio.
22 82 2017 146 to renounve. Rĕnuntio, 1; repudio, 1; respuo, 3.—Scipio had renounced
92 145 2017 215 the friendship of Q. Pompey for my ake. Ab amicitiâ Q. Pompeii meo
91 210 807 258 nomine se removerat. Cic.
19 273 1380 337 renown. Fama, glōria, laus —dis, dĕcus ŏris, neut.
20 337 1532 401 renowned. Clārus, præelarus, insignis, illustris, inclytus.
20 401 2016 473 rent, i. e. a tear, q. v. Scissura (Plin.); (money paid for hire) merces ēdis,
83 470 214 529 fēm.
24 527 1602 592 to rent. Condūco, 3; conductum habeo (fundum sc.). Cic.
25 596 605 653 rentroll. Census, 4.
23 658 1089 720 renunciation. Rĕnuntiatio, rĕpudistio.
25 720 2020 791 to repair, trans. Rĕfĭcio, 3; rĕpăro, 1; rĕcoucinno, 1; sarcio, 4; rĕsarcio;
104 788 820 850 (buildings, &c.) restĭtuo, 3.
30 847 1311 913 to repair, i. e. to go, q. v. Eo, 4; prŏfĭciscor, 3.
32 912 1500 979 a repairer. Restĭtūtor, rĕpărātor, (Stat.) refector, Suet.
33 978 705 1041 reparable. Rĕpărabĭlis.
35 1039 2019 1110 reparation. Rĕfectio, (Suet.); (of buildings) restitutio; i. e. amends, com-
110 1109 336 1169 pensatio.
38 1170 627 1233 repartee. Responsio.
42 1236 516 1295 a repast. Cœna.
41 1298 926 1361 to repay. Solvo, 3.—See to pay.
44 1351 1475 1427 to repeal. Ăbrŏgo, 1; antīquo, 1; rescindo, 3; rĕfīgo.
45 1426 571 1489 repeal. Ăbrŏgatio.
50 1477 2023 1560 to repeat, in every sense. ĭtĕro, 1; rĕpĕto, 3.—Unless I had been angry
122 1552 2022 1620 with the Athenians for not repeating the mysteries. Nisi Atheniensibus,
124 1618 1233 1681 quod mysteria non referrent, succensuissem.
52 1681 1398 1744 repeatedly. Sæpe, crēbro, etiam atque etiam. Cic.
55 1743 1118 1807 to repel. Pello, 3; rĕpello, prōpulso, 1.
57 1809 1128 1873 to repent. Pœnĭtet me, pĭget me, dŏleo.
56 1874 742 1935 repentance. Pœnĭtentis.
58 1939 728 2001 to repeople. Suppleo, 2.
60 1999 890 2063 repetition. Rĕpĕtĭtio, ĭtĕrātio.
61 2062 1569 2127 to repine. Dŏleo, ægre fero, ægre pătior.—See discontent.
63 2130 950 2191 to replaee. Restĭtuo, 3; rĕpōno.
65 2194 986 2257 to replenish. Rĕpleo, 2; suppleo.
64 2257 791 2317 replete. Plēnus.—See full.
65 2321 610 2381 repletion. Sătietas.
68 2383 1092 2449 to reply. Respondeo, 2; *responso, 1.
68 2450 856 2512 reply. Responsio, responsum.
71 2508 2032 2576 to report. Fĕro, irr.; rĕfero, nuntio, 1; rĕnuntio.—To report beforehand,
136 2579 406 2640 prænuntio.
70 2637 1997 2701 report. Rūmor, fama.—A report had got about. Sermo manârat. Cic.
75 2706 653 2766 a reporter. Nuntius.
73 2765 1882 2829 to repose, trans. Pōno, 3; rĕpono; intrans., quiesco, 3; conquiesco.
75 2822 733 2893 a repository. Ăpŏthēca.
77 2898 1225 2960 to repossess. Rĕcŭpĕro, 1.—See to recover.
77 2956 1460 3023 to reprehend. Culpo, 1; rĕprehendo, 3.—See blame.
77 3025 813 3086 reprehender. Rĕprehensor.
76 3083 1640 3150 reprehension. Rĕprehensio, culpa, vituperatio.—See blame.
81 3147 2035 3214 to represent, i. e. be a representation of, exhĭbeo, 2; exprĭmo, 3; effingo,
147 3211 2040 3278 3; i. e. to describe, q. v., descrībo, 3; exprĭmo, 3; i. e. act (a play);
144 3276 1701 3342 ăgo, 3; i. e. to show by argument, ostendo, 3.—See to argue.
83 3333 2037 3406 representation. Imāgo, sĭmŭlācrum, effĭgies; i. e. argument, argumentum.
145 3403 1351 3468 —A theatrical, &c. representation, spectācŭlum.
85 3472 821 3534 a representative. Lĕgātus.
84 3530 1323 3597 to repress. Rĕprĭmo, 3; comprimo, cohĭbeo, 2.
84 3600 920 3663 one who represses. Repressor.
85 3664 692 3724 repression. Cohibitio.
86 3728 632 3788 a reprieve. Dilatio.
85 3783 1598 3853 to reprimand. Rĕprehendo, 3; incrĕpo, 1.—See to blame.
