2118 4015
16 18 1398 83 retrograde. Rĕcēdens, reversus, rĕtrōgrădus. Plin.
17 83 791 146 retrogression. Regressus, 4.
22 148 705 210 retrospect. Respectus, 4.
20 186 2092 273 to return, traas., i e. give back. Reddo, 3; restĭtuo, 3.—I retum thank
87 274 1638 337 to thee, O sublime Sun. Grates, tibi ago, summe Sol. Cic.
22 330 2092 401 to return, i. e. come back. Rĕdeo, 4; rĕvertor, 3; rĕmeo, 1; i. e. to ree
87 400 2092 464 to, rĕcurro, 3; c. ad and acc.—That my speech may retun to the point
88 464 2092 529 from which it digressed. Ut eo, unde digressa est, referat se oratio. Ci.
94 527 2092 593 —He retumed again to Rome. Iterum Romam se retulit. Cic. So,
89 590 2092 685 refero pedem. Cic.—To return, i. e. give in an account of (property, &c.),
90 659 395 722 prŏfĭteor, 2.
26 685 2092 784 a return, i. e. restitution. Restĭtūtio; i. e. a coming back, rĕdĭtua, 4, ĕ-
89 780 2092 846 dĭtio, rĕgressus, 4; rĕversio (reditie is used with an accusative case after it,
87 845 2092 914 as, All hope of a return home being taken away. Domum reditioni spe
89 907 2092 998 sublatâ. Cæs.); i. e. requital, merces, ēdis, fem.; i. e. statement of propety,
88 979 313 1040 prŏfessio.
25 998 2092 1130 to reveal. Pătĕfăcĭo, 3; ăpĕrio, 4; mănĭfesto, 1; dendo, 1; rĕtĕga, 3;
86 1106 1442 1170 illustro, 1.—To the public, vulgo, 1; ēvulgo, dīvulgo.
27 1170 618 1229 a revealer. Vulgātor.
26 1229 1803 1296 revelation. Pătĕfactio.—Giving information of a crime, &c., delātio.
27 1299 994 1358 to revel. Cōmissor, 1.—See to feast.
26 1361 581 1411 a revel. Cōmissātio.
27 1426 663 1476 a reveller. Cōmissātor.
27 1488 987 1550 to revenge. Ulciscor, 3; vindĭco, 1.
27 1552 1172 1614 revenge. Ultio, vindĭcatio, vindicta (Tac.).
27 1611 1808 1677 revengeful, a revenger. Ultor, fem. ultrix, vindex ĭcis, wmasc. fen.
24 1678 1419 1742 revenue. Fructus, 4; vectĭgal —lis, neut., rĕdĭtus, 4.
26 1741 1712 1805 to reverberate, trans. Rĕpercŭtio, 3; i. e. to resound, resŏno, 1.
25 1804 1041 1868 reverberation. Rĕpercussus, 4. Tac.
28 1871 966 1931 to revere. Vĕnĕror, 1; rĕvĕreor, 2.
28 1936 927 1994 reverence. Vĕnĕrātio, rĕvĕrentia.
28 1996 1383 2064 reverend. Vĕnĕrābĭlis, sanctus, augustus, vĕrendus.
30 2061 729 2113 reverential. Vĕrēcundus.
29 2125 755 2189 reverentially. Vĕrēcunde.
34 2189 554 2241 reverie. Somnium.
32 2249 602 2319 reversal. Ăbrŏgātio.
34 2307 1946 2383 to reverse a law, &c. Rescindo, 3; abrŏgo, 1, more generally rĕvŏo,l;
99 2382 842 2448 i. e. to change, q. v., mūto, 1.
34 2442 1948 2509 a reverse, i. e. misfortune, q. v. Infortūnium, adversa fortuna, adversæ res;
99 2495 1952 2573 both in Cic.—It will be necessary for me to fear reverses both to myself
98 2563 1949 2635 and others. Mihi necesse erit meam et aliorum vicem pertimescere. Ci.
36 2630 1016 2701 reversible. Ăbrŏgandus, rĕvŏcabĭlis.
39 2703 1075 2758 to revert. Revertor, 3.—See to return.
38 2756 1954 2827 to review (an army, &c.). Rĕcenseo, 2; i. e. to consider, q. v., reconsidero,
102 2822 1955 2893 consīdĕro, 1.—It is by him also that the rule is said to have bee
102 2884 1958 2955 established of reviewing the cavalry on the Ides of July. Ab eoden
105 2951 1876 3017 institutum dicitur ut equites idibus Quintilibus transveherentur. Liv.
42 3019 1745 3080 a review. Transvectio, rĕcensio; i. e. consideration, consīdĕrātio.
44 3085 1400 3142 to revile. Convīcior, 1; mălĕdīco, 3.—Ses to abuse.
43 3149 1147 3211 reviling. Convīcium, prŏbrum, usu. in pl.
44 3211 1207 3275 fond of reviling. Mălĕdĭcus, comp. entior.
44 3276 727 3341 to revise. Rĕcognosco, 3.
44 3339 593 3400 revisal. Rĕcognĭtio.
45 3404 631 3461 to revisit. Rĕvīso, 3.
42 3463 588 3513 revival. Rĕnŏvātio.
41 3524 1965 3596 to revive, traas. Rĕsuscĭto, metaph. rĕcŏlo, 3; i. e. to refresh, q. v, rĕe.
109 3585 428 3641 1; rĕĭcio, 3.
40 3644 1231 3707 to revive, intrass. Rĕvīvisco, 2; rĕnascor, 3.
37 3705 1142 3767 reunion, i. e. reconciliation. Rĕconcĭliātio.
38 3768 1089 3829 to reunite, i. e. reconcile. Rĕconcĭlio, 1.
