2008 3800
81 16 1961 81 left, are rigbt.
87 84 562 132 Recte sentis. Cic.
22 144 748 208 to the right. Dextrorsum.
17 177 1962 272 right, adv., rightly. Recte, bĕne. jūre.—I do no ak whether they are
80 274 1961 338 rightly or wrongly enemies. Non quæro jure an injuriâ inimici sint.
82 337 559 400 Cic.—See wrongly.
20 399 1054 468 the right hand. Dextĕra, eysc. deetra.
18 462 1965 529 right, subt. Jus, jūris, nent.—What is right, fs, idecl., often oppoed to
85 531 224 579 nefas.
23 591 1631 657 to right.—An error, corrĭgo, 3.—A person injured, vindĭco. 1.
21 655 1925 720 righteous. Justus, prŏbus, hŏnestus (of the act rather than of the agent).
23 721 1104 784 righteously. Juste, hŏneste, recte, bĕnĕ.
23 782 1971 849 rigent than of
90 849 372 907 the action).
24 910 766 976 rightful. Lēgĭtĭmus, justus
25 974 924 1040 rightfully. Lēgĭtĭme, jūre, jute.
25 1038 1111 1106 rightfulness. Jus, jūris, aeut.; æquĭta.
52 1103 1131 1170 igid, rigorous. Rĭgĭdus, dūrus, sĕverus.
28 1166 1147 1233 to be rigid (of things). Rĭgeo, 2; dērĭgeo.
27 1231 483 1295 rigidly. Sĕvere.
28 1295 692 1360 rigour. Rĭgor, sĕverĭtas.
83 1360 624 1421 rill. Rivus, rīvŭlus.
29 1420 1006 1488 a ris, masc., fem.
31 1487 419 1537 rime. Pruĭna.
30 1550 696 1611 rind. Cortex -ĭcis, masc.
31 1613 1967 1683 a ring. Annŭlus. — Of people, circŭlus.— Any rond thing, oriis—
95 1678 1056 1739 An earring, ĭnauris, usu. in pl. Plin.
33 1739 1970 1807 to ring. i. e. sound. Sŏno, 1; rĕsono, strĕpo, 3 (used also by Liv. for he
96 1805 758 1869 ears ringing with a noise).
32 1867 725 1934 a ringdove. Pălumbes.
32 1931 1485 1997 a ringleader. Auctor, princeps -ĭpis (conjurationis ac.).
34 1998 969 2060 a ringlet. Cincinnus, cirrus. Juv.
38 2062 536 2123 to rinse. Lăvo, 1.
37 2123 1976 2191 riot. Tŭmultus, 4.— Seditious riot, sēdĭtio.—Riot of revely, bacchātio
101 2191 1976 2256 —When he knew that there was a riot in the camp. Cum tumulttum
102 2257 662 2304 in castris sciret. Liv.
39 2319 866 2377 to cause a riot. Tŭmultuor, 1.
39 2381 890 2443 to riot, as revellers. Bacchor, 1.
38 2443 1303 2505 riotous. Tŭmultuōsus; i. e. seditious, sēdĭtiōsus.
40 2509 1362 2571 riotously. Tŭmultuose; i. e. seditiously, sēdĭtiose.
40 2567 1984 2639 to rip. Discindo, 3.—That I might not seem to be ripping an old sere of
106 2636 1977 2704 the republic. Ne refricare obductam jam reipublicæ cicatricem videe.
106 2702 198 2750 Cic.
42 2765 1604 2829 ripe. Matūrus; i. e. ready (of a person), părātus, promptus.
41 2829 490 2890 ripely. Mture.
44 2893 1034 2953 to ripen, trans. Matūro, 1; cŏquo, 3.
43 2951 1981 3020 to ripen, intrans., be ripe; lit. and metaph. Mātūresco, .—To be thorosgbly
109 3022 706 3083 ripe, ematuresco. Plin,
45 3083 614 3144 ripeness. Matūrĭtas.
45 3147 1127 3215 rippling waves. Exsultantes undæ, Liv.
48 3207 1978 3276 to rise (as one lying down, as trees, &c.). Surgo, 3; exmrgo, consurgo; (s
112 3272 1978 3341 the sun rises) ŏrior, 3 with infin. oriri; (as events, &c. rise from other
112 3335 1973 3403 circumstances) orior, nascor, 3; (as a river, or as prices, or as reputatios
113 3402 1976 3466 rises) cresco, 3; accresco; as the wind rises (i. e. gets violeat), incr-
114 3462 1976 3530 bresco, 3; ingrăvesco, 3; i. e. to ascend (as flame, &c.), ascendo, 3.—To is
116 3528 1976 3596 out of the water, ēmergo, 3.—Because they wished to rise by the ur
119 3591 1974 3653 popularity of others. Quod splendere alienâ invidiâ voluissent. Liv—
122 3651 1973 3709 When the tide rose. Cum ex alto se æstus excitavisset. Cæs.—Whe
123 3717 1972 3776 every one of every rank had risen in arms. Cum omnes omnium ordis
