1967 3846
18 18 762 81 a rod. Virga.—See scourge.
19 81 711 132 to rodomontade. Glorior.
19 147 428 208 a roe. Căprea.
18 208 1179 274 a rogue. Nĕbŭlo -onis, masc.; furcifer -ĕri.
19 274 929 336 roguery. Malitia, fraus —dis, fem.
19 337 943 400 roguish. Mălĭtiōsus, fraudŭlentus.
20 401 620 464 roguishly. Mălĭtiōse.
21 457 1944 525 to roll, or to roll up, trans. Volvo, 3; convolvo.—To roll forward, prōvolvo.
83 529 710 586 —To roll down, dēvolvo.
22 585 1943 677 to roll, intrans. Vŏlūtor, 1; volvor, 1; (as a ship rolls) ăgĭtor, 1; i e to fl,
89 655 487 716 cădo, 3; dēcĭdo.
22 692 1612 782 rolling in (pleasure). Volutabundus (in voluptatibus). Cic.
24 783 895 845 a place to roll in. Vŏlūtabrum.
23 842 1798 922 a roll, or list. Album; i. e. a rolling motion (of a ship, &c.), ăgĭtstio.
24 912 566 973 a roller. Cĭlindrus.
23 971 856 1037 rolling. Vŏlūbĭlis, rĕvŏlubĭlis.
24 1040 549 1089 Roman. Rōmānus.
28 1103 582 1152 a romance. Fabŭla.
29 1167 699 1229 to romance. Fabŭlor, 1.
28 1232 611 1293 to romp. Lascīvio, 4.
29 1293 477 1343 a rood. Pertĭca.
28 1355 1735 1421 a roof. Tectum, fastīgium.—A thatched roof, culmen, ĭnis, sut.
29 1421 493 1483 to roof. Tĕgo, 3.
25 1485 717 1547 a rook. Cornix -īcis, fem.
25 1546 1939 1609 room. Spătium, lŏcus, pl. loci and loca.—A room, conclave.—A bed roomn.
91 1608 1941 1674 cŭbīcŭlum.—A dining-room, cœnacŭlum.—As far as the age of M. Cælin
91 1669 1939 1738 could give room for that suspicion. Qnoad ætas M. Cælii dare potnit ii
90 1732 1942 1798 suspicioni locum. Cic.—In the house of an eminent man one sheuld
91 1796 1941 1867 take care that there be plenty of room. In domo clari hominis adhibends
93 1867 682 1916 est cura laxitatis. Cic.
28 1931 744 1993 roomy. Amplus, spătiōsus.
29 1994 958 2061 to roost. Insĭdo, 3.—See to sleep.
29 2057 1129 2123 root. Radix -īcis, fem.; stirps -pis, fem.
29 2122 720 2181 to be rooted. Radīcor, 1.
31 2178 1940 2251 deeprooted (of an opinion, &c.). Confirmatus—It is deeply rooted in
95 2244 1942 2313 my soul and feelings. In animâ sensuque meb penitus affixa atque inmit
96 2313 347 2364 est. Cic.
32 2376 934 2441 by the roots. Radīcĭtus, stirpĭtus
33 2441 1661 2507 to root up or out. Exstirpo, 1; metapk. tollo, 3; exstinguo, 3.
32 2506 1670 2569 a rope. Fūnis, dim. fūnĭcŭlus, restis, lăqueus, esp. for hanging.
33 2569 1052 2629 a ropedancer. Schœnŏbătes —æ, masc.
36 2633 839 2692 a ropemaker. Restio. Plaut.
36 2698 587 2757 a rosary. Rŏsārium.
36 2762 414 2810 a rose. Rŏsa.
34 2825 1133 2887 rosy. Rŏseus.—Of roses, rŏsaceus. Plin.
34 2876 1944 2952 rosemary. Ros (rōris, masc.) măris (gen. from mare), rosmarinus (Col)
96 2952 670 3018 rosmarinum. Plin.
36 3015 662 3066 rostrum. Rostrum.
39 3080 1128 3145 to rot, trans. Pūtrĕacio, 3; corrumpo, 3.
38 3146 713 3207 to rot, intrans. Pŭtresco.
37 3207 1441 3273 rot, rottenness. Pūtrēdo -ĭnis, fem.; pŭtror. Lur.
37 3272 708 3362 rotten. Pŭtrĭdus, pūtris.
41 3339 428 3423 rotation. r
544 3340 1055 3389 s. sc.—See turn.
402 3369 1017 3452 t, .). Mĕŏrĭter.
40 3398 373 3454 by rotet
41 3427 881 3513 rotund. Rŏund round.
44 3524 1306 3591 to rove. r.1 pār, 1; erro, 1; palor, 1.
1 3579 1611 3655 a roverover. e. a pirate, q. v., prædo -ōnis.
1 3639 386 3699 roving. Vă
385 3653 1745 3733 s, errābndus; i. e. changeable, mūtabĭlis, mōbĭlis.
1 3698 468 3758 rcuc. Rli
517 3715 717 3758 iiniu.
1 3733 603 3843 to rouge. lo,.
