2032 3380
24 18 603 87 abbath. Sabbătum.
25 85 1052 152 sable. Nĭger -gra -grum.—See black.
25 150 1081 216 abre. Acĭnăces i, mase.—See sword.
26 214 916 270 a sack. Saccus, dim saccŭlus. s
26 278 827 340 to sack. Dīrĭpio, 3; vasto, 1.
25 342 1672 409 the sack or sacking (plundering) of a town. Dĭrptio, vastātio.
23 469 1481 536 saered. Săcer -cra -crum, sanctus, săcrttu,, slĭgiōsus.
23 533 760 597 sacredly. Sancte, rēligiōse.
23 596 640 662 sacredness. Sanctĭtas.
24 661 919 731 a sacrifice. Săcrĭfĭcium, sĭcrum.
25 726 2008 793 to sacrifice. Săcrĭfĭco, 1; i. e. slay, macto, 1; immŏlo, 1; metph., i. e.
89 790 2006 856 throw away, prōjicio. 3.—You have seen him daily sacrifice to those
90 854 2004 921 Gods. Res illum divinas apud eos Deos quotidie facere vidistis. Cic.
89 917 2005 981 —When I acrifice a heifer. Cum fciam vitulâ. Virg.—I have
89 983 2003 1048 sacrificed my own anger and enmities to the interest of the republic.
90 1047 2006 1112 Dolorem atque inimicitias meas reipublicæ concessi. Cic—Yet I ss-
88 1108 2005 1176 crificed my own serious business to their sport. Posthabui tamen illorum
88 1175 1242 1238 mea seria ludo. Virg. (So, postpono, Cic.)
24 1238 1248 1303 sacriflcing (the act). Săcrĭfĭcatio, immŏlātio.
23 1302 920 1367 sacriflcing, adj. Săcrĭfĭcus.
22 1430 2005 1497 sacrilege. Săcrĭlĕgium.—Than be who has committed sacrilege by night.
89 1496 1308 1559 Quam qui noctumus sacrm divum legerit. Hor.
25 1560 718 1624 sacrilegious. Săcrĭlĕgus.
25 1684 1458 1754 sad, in every sence. Tristis, mstus, lūgŭbris, flēbĭlia
26 1751 1260 1816 to be sad. Dŏleo, 2; mæreo, 2—See to grieve.
26 1817 688 1877 to sadden. Contristo, 1.
25 1877 867 1942 sadly. Mæste, tristĕ, flebĭlĭter.
24 1943 1442 2010 sadness. Tristĭtia, dŏlor, mæror, luctus, 4.—See grief.
24 2008 1129 2073 a saddle. Stratum, ĕphippium, usu. in pl.
24 2072 653 2138 to saddle. Instemo, 3.
24 2132 2007 2201 safe. Tūtus, salvus, incŏlŭmis—(They added) that you meant to cross
88 2199 2003 2264 the sea as soon as it was safe. Te primâ navigatione transmissurum.
24 2327 2002 2392 a safeconduct.—The Lusitanians having been put to death by Ser.
91 2390 2003 2458 Galba, the prætor, in violation, as was generally thought, of a safe-
91 2455 2005 2521 conduct. Lusitanis a Ser. Galbâ prætore contra interpositam, ut existi-
88 2520 1797 2583 mabatur, fidem interfectis. Cic—The full phrase is, fides publica.
26 2585 1176 2650 safeguard, i. e. protection, q. v. Præsĭdium.
24 2649 669 2713 safely, in safety. Tūto.
24 2711 1081 2775 safety. Salus -ūtis, fem.; incŏlŭmĭtas.
25 2842 631 2908 saffron, adj. Crŏceus.
23 2905 1030 2971 sagacious. Săgax, ăcūtus, ingĕniosus.
22 2970 849 3036 sagaciously. Săgacĭter, ăcūte.
21 3031 1436 3099 sagacity. Săgacĭs, ăcūmen —ĭnis, net.; ingenium.
17 3098 587 3162 sage. Salvia. Plin.
20 3161 1054 3226 sago, i. e. wise, q. v. Săpiens, prūdens.
23 3228 824 3291 sagely. Săpienter, prūdenter.
23 3292 880 3356 sageness. Săpientia, prūdentia.
