2077 3787
87 16 2050 86 a sail. Velum, *carbăsus, in pl. crbasa, aet.;; lintea orum, pl. ast
149 81 2052 149 —What do you choose then? that we shall at once set sail? Utrum
149 145 2052 213 igitur mavis? statimne nos vela facere? Cic.—And I spread my ails
151 209 2054 277 to that point from which any wind arises. Et ad id, unde flatus aliquis
152 273 2049 341 ostenditur, vela do. Cic.—Set sail quickly. Solvite vela citi. Virg.
151 338 2051 404 —I asked, therefore, whether I should at once spread the sails of oratory.
153 400 2051 470 Quærebam igitur utrum panderem vela orationis statim. Cic. —And
155 465 2050 528 when he saw this he ordered the sails to be furled without delay, and the
152 529 2050 597 yards to be struck. Quod ubi conspexit celeriter vela subduci, demittiqus
153 592 2045 660 antennas jubet. Cæs.—I furled (or reefed) my sails. Contraxi vela
154 657 2044 723 Cic.—When you yourself, as the captain of the pirates, were sailing on
155 720 1949 786 with full sail. Cum ipse archipirata plenissimis velis navigares. Cic.
89 783 2042 852 to sail. Nāvĭgo, 1; velĭfĭco, 1.—To sail by, prætervehor, 3; præteravigo.
152 851 1123 919 —To sail round, circumnavigo. Vell.
88 916 623 980 sailing. Navigatio.
89 973 2036 1043 a sailor. Nauta, poet. nāvĭta, masc.—Marcus Junius the prætor had the
154 1039 2033 1110 charge given him to repair the old ships, and to enlist freedmen as ailon
152 1103 2031 1170 for that fleet. Veteres naves ut reficeret, M. Junio prætori negotium datum
154 1169 1706 1235 est, et in eam classem socios navales libertinos legeret. Liv.
86 1228 2025 1299 a sailyard. Antenna.—To strike the yards. Demittere antennas. Cæs.
89 1299 893 1365 saint, saintly. Sanctus, pius.
90 1357 2023 1426 sake.—For the sake of. Gratiâ, causâ.—A man very dear to me for my
95 1412 2021 1491 own sake and for that the republic, Vir carissimus mihi meo nonine et
154 1491 586 1555 reipublicæ. Cic.
88 1554 647 1607 salacious. Lascīvus.
89 1618 765 1671 salaciousness. Lascĭvis.
87 1650 1142 1745 salad. Acetaria orum, pl. aet. Plin.
87 1743 1040 1799 a salamander. Sălămandra. Plin.
87 1809 1744 1878 a salary. Merces -ēdis, fem.— A yearly salary, annua merces.
87 1873 1174 1938 sale. Vendĭtio, (by auction, q. v.) auctio.
86 1930 2018 1998 for sale, saleable, to be sold, &c. Vēnalis, vendĭbĭlis.—That his fmly
131 1996 2019 2067 should be exposed for sale at the temple of Ceres. Ut familia ejus ad den
154 2066 808 2117 Cereris venum iret. Liv.
88 2128 1238 2193 to offer for sale. Proscribo, 3; vēnundo, 1.
89 2193 707 2247 a salesman. Vendĭtor.
89 2246 1853 2322 salient. Săliens; i. e. projecting, conspicuous, ēmĭnens, conspĭcuus.
88 2321 1218 2387 saline. Ntrōsus (Plin.), salmăcĭdus, Plin.
89 2384 512 2439 saliva. Sălīva.
91 2448 582 2504 sallow. Pallĭdus.
90 2511 634 2568 sallowness. Pallor.
90 2566 2028 2648 a sally (out of a town, &c.). Eruptio, excursio.—A sally of wit, săles, pl
91 2695 2035 2769 to sally out. Erumpo, 3; excurro, 3.—On a sudden they sallied out of
155 2769 1329 2835 the woods. Subito se sylvis ejecerunt. Cæs.
91 2833 1096 2896 a salmon. Salmo —ōnis, masc. Plin.
92 2897 1479 2961 salt. Sal, sălis, masc. and neut. sing.s pl. only masc.
94 2961 1000 3023 to salt. Sallo, 3; sălio. 4. Varr.
93 3026 565 3089 salt, adj. Salsus.
93 3088 569 3151 saltpits. Sălīnæ.
94 3152 708 3207 a saltcellar. Sălīnum.
94 3216 625 3277 saltpetre. Nītrum.
95 3277 1688 3345 salubrious. Săluber -bris -bre, and salubris -bre, sălūtāris.
96 3343 788 3409 salubriously. Sălūbrĭter.
98 3407 702 3468 salubrity. Slūbrĭtas.
18 3445 1174 3536 a salve. nuentum, metaph. mĕdĭcĭna.
26 3526 810 3598 salutary. S ūtaris, ūtĭlis.
145 3591 2041 3661 lutation it seemed which w
186 3657 2040 3727 ent me from her, through you. Mihi dulcis salus visa est per te misa sb
196 3712 412 3763 lâ. Cic.
