2029 3882
20 17 2001 84 to salute. Sălto, 1.—For he saluted me as a message from you. Salu-
84 82 1171 132 tem enim verbis tuis mihi nuntiavit. Cic.
19 148 606 197 a saluter. Sălūtator.
18 204 2002 274 the same. Idem.—The very samo Gorgias in the very same book of Plato
83 274 1996 338 professes... Ipse ille Gorgias in illo ipso Platonis libro profitetur... Cic.
84 337 1999 402 —They depart the same as they came. Iidem abeunt qui venerunt.
87 402 1998 470 Cic.—It ought to be the same as if his father gave the information.
90 466 2001 528 Idem valere debet ac si pater indicaret. Cic.—We relate the discussion
88 530 1999 595 almost in the very same words in which it was carried on. Disputationem
88 595 1999 658 habitam exponimus eisdem fere verbis ut actum disputatumque est. Cic.
85 657 1998 724 —Thinking it the same as if he had employed them. Perinde æsti-
86 721 2000 785 mans ac si usus esset. Cæs.—To the same place, to the same point, to the
92 786 2002 851 same tbing, &c., eodem.—At the same time, sĭmul.—At the same place,
89 851 2001 913 ĭbidem.—At the same time or place (with some one else), ūna.—In the
90 913 697 975 same maner, sĭmĭlĭter.
26 975 646 1031 sameness. Sĭmĭlĭtūdo.
26 1043 1774 1105 a sample. Exemplum, exemplar —āris, neut.; spĕcĭmen —ĭnis, neut.
28 1107 741 1165 sanative. Sānans, effĭcax.
27 1169 824 1248 sanetiication. Consĕcrstio.
26 1234 821 1295 to sanctify. Consĕcro, 1.
28 1299 2001 1363 to sanction. Sancio, 4; confirmo, 1.—But I will not only sanction what
91 1362 1996 1428 you say you have brought for me. Attamen ista quæ te emisse scribis,
93 1425 933 1477 non solum rata mihi erunt. Cic.
29 1491 853 1548 sanction. Sanctio, confirmātio.
25 1555 574 1615 sanctity. Sanctĭtas.
25 1610 952 1681 a sanctuary. Ăsylum, perfŭgium.
26 1674 1851 1747 sand. Ărena, săbŭlum (not of sea sand, Plin.).—A quicksand, syrtis.
26 1748 1233 1809 a sandal. Calceus, calceamentum, sandālium.
26 1812 816 1874 wearing sandals. Calceatus.
27 1875 1300 1939 to sandal or put sandals on a person. Calceo, 1.
27 1938 882 1990 sandarach. Sandărăcha. Plin.
27 1996 1416 2066 sandy. Ărēnōsus, săŭlōsus (not of sea sand, Plin.).
27 2065 1559 2160 sane. Sānus, rationis et consilii compos (ŏtis). Cic.
28 2132 427 2194 sanely. Sane.
27 2194 1365 2260 sanguinary. Sanguĭnărius, sanguĭneus, ācruentus.
26 2257 2005 2322 anguine, to be. Spĕro, 1.—To be very sanguine, confĭdo.— I entertain
92 2322 2005 2387 a most sanguine, and, as I confidently believe, a most well-grounded hope.
95 2386 2005 2451 In spem maximam et quemadmodum confido verissimam adducti sumus.
94 2454 191 2502 Cic.
26 2514 486 2577 sanity. Sānĭtas.
26 2582 384 2643 ap. Succus.
27 2643 814 2704 full of sap. Succōsus. Plin.
28 2706 1305 2773 to sap, i. e. undermine. Sūbruo, 3; lăbĕfacto, 1.
26 2772 911 2835 sapient, i. e. wise, q. v. Săpiens.
27 2837 775 2898 sapless. Exsuccus. Quint.
27 2899 925 2963 a sapling. Virgultum, arbustum.
29 2963 1394 3026 Sapphic (of verse, &c.). Æŏlius; Lesbius, Lebōus.
28 3027 932 3092 sapphire. Sapphīrus, fem. Plin.
30 3093 511 3143 sarcasm. Illūsio.
30 3154 573 3207 sarcastic. Mordax.
30 3218 953 3283 sarcophagus. Sarcŏphăgus. Juv.
29 3282 804 3349 Sardinian. Sardus, Sardōus.
29 3338 1346 3411 a sardonyx. Onyx -ĭcis, masc., fem.; Sardonyx.
30 3411 1305 3476 a sash. 2ōna, cingŭlum, balteus (esp. military).
28 3474 790 3536 a satchel. Saccus, crŭmēna.
29 3530 1773 3603 to sate, or satiate. Sătio, 1; exsatio, expleo, sătŭro, 1; exsaturo.
32 3604 929 3667 sated. Sătur —urum, plēnus.
31 3667 1986 3732 satiety. Sătiĕtas, satio, 3; i. e. the disgust produced by satiety, fastĭdium.
30 3731 735 3794 to satiety. Sătis, affătim.
31 3797 447 3859 satire. Sătyra.
