<PcGts xmlns="http://schema.primaresearch.org/PAGE/gts/pagecontent/2019-07-15" xmlns:xsi="http://www.w3.org/2001/XMLSchema-instance" xsi:schemaLocation="http://schema.primaresearch.org/PAGE/gts/pagecontent/2019-07-15 http://schema.primaresearch.org/PAGE/gts/pagecontent/2019-07-15/pagecontent.xsd"><Metadata><Creator>User123</Creator><Created>2022-01-14T20:06:15</Created><LastChange>2022-01-14T20:06:15</LastChange></Metadata><Page imageFilename="0399.png" imageHeight="3873" imageWidth="2023"><TextRegion id="r0" type="paragraph" orientation="-0.0"><Coords points="1,1 2021,1 2021,3871 1,3871"/><TextLine id="r0_l001"><Coords points="62,18 584,18 584,70 62,70"/><TextEquiv index="1"><Unicode>satirical. Mordax.</Unicode></TextEquiv></TextLine><TextLine id="r0_l002"><Coords points="62,83 1051,83 1051,144 62,144"/><TextEquiv index="1"><Unicode>to satirise. Destringo, 3; mordeo, 2.</Unicode></TextEquiv></TextLine><TextLine id="r0_l003"><Coords points="60,146 1116,146 1116,209 60,209"/><TextEquiv index="1"><Unicode>a satirist, metaph. Censor, rĕprehensor.</Unicode></TextEquiv></TextLine><TextLine id="r0_l004"><Coords points="1901,274 1900,274 1900,267 1900,266 1827,266 1826,267 1826,270 1825,271 1815,271 1814,270 1813,270 1812,269 1651,269 1649,268 1649,260 1649,259 1310,259 1309,258 1308,258 1307,257 849,257 848,258 847,257 581,257 580,258 547,258 546,259 393,259 390,262 390,263 389,264 389,265 389,265 388,265 387,266 387,267 387,267 382,267 381,267 381,260 381,259 178,259 177,258 63,258 62,257 61,257 60,257 59,256 59,255 58,254 58,244 59,243 59,230 60,229 60,228 61,227 61,226 63,224 64,224 65,223 66,223 67,222 70,222 71,221 118,221 121,218 123,218 123,218 124,217 124,215 126,213 144,213 147,210 149,210 150,209 152,209 153,210 304,210 305,211 306,211 309,214 596,214 597,213 598,213 599,212 600,212 601,211 664,211 665,210 667,210 668,211 669,211 669,212 669,213 670,214 670,219 671,219 744,219 746,222 746,224 747,224 1077,224 1077,224 1077,223 1078,222 1078,221 1079,220 1082,220 1083,219 1084,220 1085,220 1087,222 1286,222 1290,218 1291,218 1293,216 1386,216 1388,214 1389,214 1391,212 1391,211 1392,210 1392,209 1393,208 1394,208 1395,207 1396,207 1397,206 1400,206 1403,209 1610,209 1613,212 1837,212 1840,209 1841,209 1842,208 1847,208 1848,210 1848,211 1849,212 1849,216 1850,217 1850,222 1851,222 1961,222 1962,223 1963,223 1964,224 1979,224 1980,225 1981,225 1984,228 1985,228 1985,229 1985,230 1987,232 1987,235 1988,236 1988,243 1989,243 1992,243 1993,244 1996,244 1998,247 1998,257 1997,258 1997,259 1997,259 1996,259 1995,260 1995,264 1994,265 1994,266 1994,266 1906,266 1905,267 1905,274 1905,274"/><TextEquiv index="1"><Unicode>aatifaction, i. e. ufficient excuse or tonement. Satisfctio; i. e. plee,</Unicode></TextEquiv></TextLine><TextLine id="r0_l005"><Coords points="1700,336 1699,335 1693,335 1691,334 1691,322 1691,321 1668,321 1667,322 1667,323 1666,324 1666,325 1665,326 1664,326 1663,327 1662,327 1661,328 1660,327 1659,327 1658,327 1658,322 1658,321 1522,321 1521,320 1520,320 1519,319 1492,319 1491,320 1487,320 1486,319 1463,319 1461,317 1434,317 1433,318 1433,319 1433,319 1432,319 1431,320 1430,320 1429,321 1426,321 1425,320 1383,320 1382,321 1382,322 1381,323 1381,324 1380,325 1380,326 1378,328 1378,329 1375,332 1374,332 1372,334 1369,334 1368,335 1366,334 1366,322 1366,321 1349,321 1348,320 1305,320 1304,319 1277,319 1276,320 1196,320 1195,321 1170,321 1169,320 1129,320 1128,321 1118,321 1117,320 1084,320 1083,321 1052,321 1051,322 1014,322 1013,321 1012,321 1011,320 1006,320 1005,319 976,319 975,320 973,320 972,321 902,321 901,320 857,320 856,321 855,320 851,320 849,318 823,318 822,319 821,319 820,320 791,320 790,321 772,321 771,320 770,320 769,320 769,319 768,318 768,310 768,309 730,309 696,309 695,310 695,316 694,317 694,318 693,319 693,320 692,321 630,321 629,320 595,320 594,321 571,321 570,322 567,322 566,323 546,323 545,322 497,322 496,323 496,324 495,325 495,326 493,328 493,329 491,331 490,331 488,333 485,333 483,332 483,331 482,330 482,324 482,323 441,323 440,322 384,322 383,323 368,323 367,322 324,322 319,322 318,323 293,323 292,324 292,329 291,330 291,332 288,335 285,335 284,336 272,336 271,335 269,335 268,335 268,334 268,333 267,333 265,331 239,331 237,333 236,333 235,334 234,334 233,335 231,335 230,335 230,334 229,333 229,324 229,323 217,323 215,321 193,321 190,319 190,318 189,316 163,316 162,317 162,320 159,323 144,323 143,324 143,325 142,326 142,328 141,329 141,332 140,333 128,333 127,333 127,321 122,316 122,315 121,314 121,304 122,303 122,301 123,300 123,299 125,297 126,297 127,296 128,296 130,294 131,294 132,293 133,293 134,292 141,292 142,293 148,293 150,296 150,299 151,300 151,311 152,311 159,311 161,313 184,313 184,313 184,300 187,297 187,296 189,294 190,294 191,293 192,293 193,292 209,292 212,296 212,299 213,300 213,310 214,310 239,310 240,311 241,311 242,312 267,312 267,312 267,300 268,299 268,297 273,292 274,292 275,291 286,291 287,292 339,292 340,291 364,291 364,291 364,284 366,282 366,280 367,279 367,278 368,277 369,277 370,276 398,276 399,278 399,279 400,280 400,289 401,289 414,289 415,290 466,290 467,291 468,291 469,293 469,295 470,295 474,295 475,296 476,296 476,297 476,298 477,299 477,305 478,306 478,308 479,308 490,308 491,309 492,309 493,310 494,310 494,311 494,312 495,313 495,314 496,314 516,314 516,314 516,281 517,280 517,279 519,277 524,277 525,276 527,276 528,277 531,277 532,279 532,280 533,281 533,287 534,287 546,287 547,288 550,288 551,289 552,289 553,290 580,290 582,288 582,287 585,284 595,284 595,284 595,277 598,274 614,274 616,272 618,272 619,274 619,275 620,275 651,275 652,277 652,289 653,289 668,289 669,290 672,290 674,292 675,292 677,295 677,297 678,298 678,299 679,299 712,299 713,298 715,298 716,297 742,297 743,298 745,298 746,299 759,299 759,299 759,285 760,284 760,279 762,277 762,276 763,275 766,275 767,274 795,274 796,275 798,275 799,277 799,278 800,279 800,284 801,285 801,291 802,291 817,291 818,290 819,291 849,291 850,290 865,290 866,289 867,290 900,290 900,290 900,289 901,288 902,288 903,287 922,287 922,287 922,276 923,275 924,275 925,274 932,274 933,276 933,277 934,277 935,277 935,278 935,289 936,289 972,289 973,290 976,290 979,293 1005,293 1005,293 1005,291 1006,290 1007,290 1010,287 1012,287 1013,288 1059,288 1059,288 1059,287 1063,283 1077,283 1077,283 1077,276 1079,274 1080,274 1081,273 1085,273 1086,274 1087,274 1088,276 1088,291 1089,291 1116,291 1116,291 1116,290 1117,289 1117,287 1118,286 1118,284 1119,283 1119,281 1121,279 1121,276 1122,275 1122,274 1123,273 1126,273 1127,272 1128,273 1133,273 1134,274 1135,274 1138,278 1138,290 1139,290 1187,290 1187,290 1187,289 1188,288 1188,287 1191,284 1192,284 1193,283 1205,283 1205,283 1205,279 1206,278 1206,277 1209,274 1215,274 1216,276 1216,289 1217,289 1267,289 1268,290 1270,290 1272,292 1298,292 1298,292 1298,289 1307,280 1307,279 1309,277 1310,277 1311,276 1312,276 1313,275 1314,275 1315,274 1320,274 1321,275 1322,275 1322,276 1322,277 1323,278 1323,282 1324,283 1324,285 1325,285 1352,285 1352,286 1352,287 1354,288 1362,288 1363,289 1365,289 1367,292 1367,295 1368,296 1368,309 1369,309 1400,309 1400,309 1400,306 1401,305 1401,300 1402,299 1402,296 1406,292 1407,292 1407,292 1407,291 1408,290 1410,290 1410,290 1410,284 1411,283 1411,281 1414,278 1417,278 1418,277 1419,277 1420,278 1422,278 1422,279 1422,280 1423,281 1423,283 1424,284 1424,310 1425,310 1456,310 1457,309 1457,304 1458,303 1458,302 1461,299 1461,298 1464,295 1464,294 1467,291 1468,291 1469,290 1477,290 1478,291 1479,291 1480,292 1481,292 1482,294 1482,306 1484,307 1485,307 1487,309 1516,309 1516,309 1516,297 1517,296 1517,294 1520,291 1521,291 1522,290 1544,290 1544,290 1544,287 1546,285 1547,285 1548,284 1552,284 1553,283 1555,283 1558,287 1558,288 1560,289 1590,289 1590,289 1590,288 1591,287 1594,287 1595,286 1596,286 1597,287 1601,287 1602,288 1603,288 1604,289 1605,289 1606,290 1642,290 1643,291 1644,291 1646,294 1648,296 1648,297 1650,299 1650,300 1651,301 1651,303 1652,304 1652,307 1653,307 1685,307 1685,307 1685,304 1686,303 1686,302 1687,301 1687,300 1695,292 1696,292 1697,291 1705,291 1706,292 1708,292 1709,293 1711,293 1712,294 1713,294 1715,297 1715,308 1716,308 1746,308 1746,308 1746,300 1747,299 1747,298 1749,296 1749,294 1750,293 1750,292 1751,291 1754,288 1766,288 1767,289 1770,289 1771,290 1773,290 1775,293 1775,295 1776,296 1776,308 1777,308 1815,308 1815,308 1815,298 1818,295 1819,295 1825,289 1828,289 1829,288 1833,288 1834,289 1878,289 1879,288 1898,288 1898,288 1898,277 1899,276 1899,275 1900,274 1906,274 1907,276 1907,287 1908,287 1927,287 1928,288 1929,288 1931,290 1932,290 1934,293 1934,296 1935,297 1935,300 1936,301 1936,304 1937,305 1937,306 1939,307 1969,307 1969,307 1969,293 1970,292 1970,277 1972,275 1973,275 1974,274 1975,274 1976,275 1977,275 1979,278 1979,280 1980,281 1980,308 1981,308 1993,308 1994,309 1996,309 1998,312 1998,315 1997,316 1997,317 1996,318 1994,318 1993,319 1990,319 1989,318 1949,318 1948,319 1948,320 1947,321 1947,322 1946,323 1946,325 1945,326 1945,328 1944,329 1943,329 1941,331 1938,331 1937,330 1936,330 1934,329 1934,323 1933,322 1933,321 1931,318 1919,318 1918,317 1887,317 1886,318 1885,318 1884,319 1884,331 1883,332 1882,332 1881,333 1875,333 1874,332 1873,332 1872,332 1872,321 1872,320 1803,320 1801,322 1801,326 1796,331 1794,331 1793,332 1790,330 1790,322 1790,321 1784,321 1783,320 1779,320 1778,319 1758,319 1756,317 1755,317 1754,316 1728,316 1727,317 1727,319 1726,320 1725,320 1724,321 1711,321 1710,322 1710,334 1709,335 1707,335 1706,336"/><TextEquiv index="1"><Unicode>e.—To make satisfaction for, i. e. atone, q. v, expia, 1.</Unicode></TextEquiv></TextLine><TextLine id="r0_l006"><Coords points="1530,401 1529,400 1526,400 1525,399 1524,399 1523,399 1523,398 1522,396 1357,396 1354,394 1354,387 1354,386 1015,386 992,386 991,387 991,392 990,393 990,394 988,396 988,397 986,399 985,399 984,400 982,400 981,401 978,401 977,400 975,400 974,399 973,399 972,399 972,397 971,396 971,394 970,393 970,386 970,385 695,385 694,386 551,386 550,387 400,387 399,388 399,389 398,390 398,391 397,392 397,393 396,394 396,395 392,399 390,399 389,400 358,400 357,399 355,399 353,397 352,397 351,397 351,396 350,395 350,389 350,388 282,388 281,387 280,387 279,386 74,386 73,385 61,385 59,384 59,383 58,382 58,357 60,355 60,354 64,350 65,350 66,349 77,349 78,348 81,348 82,347 85,347 86,346 122,346 124,344 124,343 126,341 127,341 127,341 127,334 128,333 140,333 140,334 140,337 141,337 209,337 210,338 212,338 213,339 213,340 213,342 214,342 435,342 436,341 599,341 600,340 603,340 604,339 624,339 625,338 669,338 670,337 671,338 672,338 675,342 675,344 676,344 918,344 918,344 918,342 919,341 919,340 920,339 921,339 922,338 971,338 972,337 973,337 974,338 1285,338 1286,337 1288,337 1289,336 1290,337 1317,337 1319,340 1319,341 1320,341 1550,341 1550,341 1550,340 1551,339 1552,339 1553,338 1646,338 1647,337 1655,337 1656,338 1657,338 1658,340 1658,341 1660,342 1823,342 1825,345 1825,346 1826,346 1840,346 1841,348 1841,351 1842,351 1951,351 1952,352 1977,352 1978,353 1979,353 1979,354 1979,355 1980,356 1980,360 1981,361 1981,363 1982,363 1993,363 1994,364 1995,364 1997,367 1997,368 1996,369 1995,369 1994,370 1988,370 1987,371 1980,371 1979,372 1979,378 1978,379 1978,380 1978,380 1977,380 1976,381 1972,381 1971,382 1906,382 1904,384 1904,387 1903,388 1903,389 1901,391 1901,392 1901,392 1900,392 1899,393 1779,393 1775,397 1773,397 1772,398 1714,398 1713,399 1539,399 1538,400 1536,400 1535,401"/><TextEquiv index="1"><Unicode>atisfetory, i. e. sufieient to satisfy. Prŏbabĭlis; i. e. pleasing, grātm, a</Unicode></TextEquiv></TextLine><TextLine id="r0_l007"><Coords points="123,404 553,404 553,466 123,466"/><TextEquiv index="1"><Unicode>ceptus, jucundus.</Unicode></TextEquiv></TextLine><TextLine id="r0_l008"><Coords points="58,466 1021,466 1021,526 58,526"/><TextEquiv index="1"><Unicode>satisled, i. e. contented. Contentus.</Unicode></TextEquiv></TextLine><TextLine id="r0_l009"><Coords points="1199,592 1198,591 1197,591 1196,590 1195,590 1192,588 1192,587 1191,586 1191,579 1191,578 783,578 733,578 732,579 732,581 731,582 731,583 729,585 729,586 727,588 726,588 725,589 297,589 295,591 291,591 290,592 288,592 287,591 285,591 282,589 282,587 281,586 281,580 281,579 74,579 73,578 71,578 70,577 69,577 68,576 67,576 63,573 63,572 62,571 62,569 61,568 61,552 58,549 58,545 59,544 59,543 61,541 62,541 65,538 66,538 66,538 66,537 67,536 70,533 71,533 72,532 220,532 221,531 222,531 223,530 1113,530 1114,529 1894,529 1895,528 1896,528 1897,527 1898,527 1899,526 1902,526 1903,527 1905,527 1907,529 1909,529 1910,530 1911,530 1912,532 1912,533 1913,534 1913,535 1914,535 1950,535 1951,537 1951,540 1952,541 1952,542 1954,543 1971,543 1972,544 1973,544 1974,545 1975,545 1976,546 1977,546 1978,548 1978,552 1980,554 1980,563 1981,563 1986,563 1987,564 1988,564 1990,567 1990,569 1989,570 1989,571 1988,572 1987,572 1986,573 1908,573 1905,576 1902,576 1901,577 1851,577 1850,578 1850,579 1848,581 1848,586 1846,588 1845,588 1844,589 1837,589 1834,587 1834,579 1834,578 1220,578 1219,579 1219,584 1218,585 1218,586 1216,588 1216,589 1216,589 1215,589 1213,591 1210,591 1209,592"/><TextEquiv index="1"><Unicode>to satisfy. Sătisfăcio, 3; sătio.—A thing of which I cannot stisfy Cato.</Unicode></TextEquiv></TextLine><TextLine id="r0_l010"><Coords points="466,657 465,656 464,656 463,656 463,655 462,654 462,645 462,644 168,644 167,645 167,649 165,651 165,652 165,652 164,652 162,654 161,654 160,655 154,655 153,654 150,654 147,652 147,651 146,650 146,649 145,648 145,647 144,646 144,645 144,644 141,644 140,643 137,643 135,641 134,641 132,639 131,639 131,638 129,635 128,635 127,635 127,634 126,633 126,632 125,631 125,630 124,629 124,627 123,626 123,622 122,621 122,618 121,617 121,615 122,614 123,614 124,613 124,612 127,609 127,608 128,607 128,606 130,604 130,603 133,600 134,600 136,598 138,598 140,596 141,596 142,595 143,595 144,594 147,594 148,595 149,595 150,596 433,596 434,597 549,597 550,598 551,598 551,599 551,600 552,601 552,609 553,609 784,609 785,608 788,608 789,609 1039,609 1040,608 1040,607 1041,606 1042,606 1042,606 1042,605 1053,594 1054,594 1055,593 1056,594 1326,594 1327,593 1328,593 1329,592 1330,593 1332,593 1333,594 1334,594 1335,595 1712,595 1713,594 1791,594 1792,593 1876,593 1877,592 1878,592 1879,591 1880,591 1881,592 1884,592 1885,593 1886,593 1886,594 1886,595 1887,596 1887,601 1888,601 1943,601 1943,602 1943,604 1944,604 1945,604 1947,606 1982,606 1983,607 1987,607 1988,608 1989,608 1989,609 1989,613 1988,614 1988,616 1988,616 1987,616 1986,617 1985,617 1984,618 1984,634 1982,636 1927,636 1926,637 1889,637 1888,638 1856,638 1855,639 1701,639 1700,640 1675,640 1674,641 1621,641 1620,642 1617,642 1616,641 1359,641 1358,640 1136,640 1128,640 1127,641 1065,641 1064,642 1062,642 1061,643 1059,643 1058,642 797,642 796,643 796,652 794,654 793,654 792,655 784,655 783,654 781,654 779,653 779,644 779,643 476,643 475,644 475,655 474,656 473,656 472,657"/><TextEquiv index="1"><Unicode>Quod Catoni probare non possum. Cic.—I had before reesived a lette</Unicode></TextEquiv></TextLine><TextLine id="r0_l011"><Coords points="498,722 497,721 495,721 494,720 493,720 492,719 491,719 487,716 487,709 487,708 273,708 272,707 126,707 125,706 124,706 123,706 123,705 122,704 122,685 121,684 121,683 120,682 120,680 121,679 121,678 122,677 122,676 123,675 124,675 125,674 125,671 126,670 126,668 128,666 128,665 131,662 132,662 134,660 436,660 437,659 438,660 558,660 560,663 560,665 561,665 836,665 836,665 836,662 837,661 837,660 838,659 839,659 840,658 845,658 846,659 864,659 865,661 865,662 866,663 866,672 867,672 1093,672 1093,672 1093,661 1094,660 1118,660 1119,659 1220,659 1221,658 1479,658 1480,659 1517,659 1518,660 1520,660 1520,661 1520,662 1521,663 1521,664 1522,665 1522,670 1523,670 1765,670 1767,668 1767,666 1768,665 1768,664 1769,663 1769,662 1770,661 1771,661 1774,658 1779,658 1779,659 1779,662 1780,663 1780,665 1781,666 1781,667 1782,668 1782,669 1783,669 1967,669 1968,670 1981,670 1982,671 1984,671 1984,672 1984,673 1985,674 1985,675 1986,676 1986,694 1988,696 1988,697 1986,699 1984,699 1983,700 1939,700 1938,701 1900,701 1899,702 1878,702 1876,704 1876,717 1875,718 1874,718 1873,719 1866,719 1864,717 1863,717 1861,716 1861,706 1861,705 1617,705 1616,706 1616,707 1615,708 1615,711 1613,713 1613,714 1612,715 1612,717 1610,719 1609,719 1608,720 1544,720 1543,719 1542,719 1539,717 1539,713 1538,712 1538,706 1538,705 1163,705 1162,706 1063,706 1062,707 1062,708 1060,710 1028,710 1026,712 1026,713 1023,716 1023,717 1023,717 1022,717 1021,718 1018,718 1017,719 1016,718 1014,718 1013,717 1012,717 1011,717 1011,716 1010,715 1010,713 1009,712 1009,706 1009,705 674,705 673,706 623,706 622,707 622,710 621,711 621,714 620,715 620,716 619,717 619,718 618,719 617,719 616,720 611,720 610,721 529,721 528,722"/><TextEquiv index="1"><Unicode>from Cæsar begging me to allow myself to be satifled by yo..AAcepemm</Unicode></TextEquiv></TextLine><TextLine id="r0_l012"><Coords points="1202,785 1201,784 1200,784 1199,784 1199,783 1198,782 1198,770 1198,769 1069,769 1068,768 1017,768 1016,769 972,769 971,768 930,768 929,769 910,769 909,770 907,770 906,769 871,769 870,768 808,768 807,769 804,769 803,768 737,768 736,769 735,769 734,770 733,770 732,769 726,769 685,769 684,770 637,770 636,771 635,770 577,770 576,771 541,771 540,772 539,772 538,771 537,771 536,770 500,770 499,769 455,769 454,770 426,770 425,769 386,769 385,770 382,770 381,771 378,771 377,770 373,770 372,769 330,769 329,770 327,770 326,771 300,771 299,770 262,770 241,770 240,771 239,770 237,770 236,769 163,769 162,770 137,770 136,771 136,775 135,776 135,778 130,783 129,783 128,784 126,784 125,785 123,785 122,784 121,784 120,783 119,783 118,783 118,782 117,781 117,776 119,774 120,774 121,773 121,744 122,743 122,742 124,740 124,731 125,730 125,728 130,723 135,723 137,726 137,727 138,728 138,738 139,738 182,738 183,739 247,739 248,738 249,739 295,739 296,738 296,737 297,736 297,734 299,732 303,732 304,734 304,735 305,736 305,738 307,739 361,739 361,739 361,730 362,729 363,729 364,728 366,728 367,727 369,727 370,726 372,726 374,724 378,724 379,723 383,723 384,724 386,724 387,725 390,725 391,726 393,726 395,729 395,738 396,738 511,738 511,738 511,729 514,726 515,726 516,725 518,725 519,726 520,726 520,727 520,728 521,729 521,739 522,739 570,739 570,739 570,727 571,726 571,725 572,724 599,724 601,727 601,733 602,733 636,733 637,735 637,736 638,737 638,738 639,738 724,738 726,736 729,736 730,737 777,737 778,736 798,736 798,736 798,735 799,734 799,733 801,731 802,731 804,729 806,729 807,731 807,733 808,734 808,736 809,736 838,736 839,737 883,737 883,737 883,726 886,723 903,723 904,722 941,722 942,723 944,723 944,724 944,725 945,726 945,736 946,736 983,736 984,737 1023,737 1023,737 1023,736 1026,733 1028,733 1029,732 1043,732 1043,732 1043,727 1044,726 1044,725 1045,724 1046,724 1047,723 1050,723 1051,724 1091,724 1092,723 1093,723 1094,722 1097,722 1098,721 1099,721 1100,722 1102,722 1103,723 1104,723 1105,725 1105,726 1106,727 1106,729 1107,730 1107,737 1108,737 1154,737 1155,736 1163,736 1163,736 1163,726 1167,722 1171,722 1172,723 1173,723 1175,726 1175,738 1176,738 1231,738 1232,737 1235,737 1236,736 1258,736 1259,735 1259,734 1263,730 1264,730 1265,729 1266,730 1267,730 1270,733 1309,733 1310,734 1312,734 1314,736 1358,736 1359,737 1362,737 1363,738 1405,738 1406,737 1444,737 1444,737 1444,736 1451,729 1455,729 1456,730 1457,730 1458,732 1458,734 1459,735 1459,736 1460,736 1482,736 1489,744 1489,745 1490,746 1490,747 1491,748 1491,750 1492,751 1492,752 1493,752 1497,756 1502,756 1503,757 1504,757 1504,758 1504,759 1505,760 1505,766 1502,769 1501,769 1500,770 1496,770 1495,769 1421,769 1420,770 1403,770 1402,771 1401,770 1399,770 1398,769 1341,769 1340,770 1338,770 1337,769 1335,769 1334,768 1306,768 1293,768 1292,769 1253,769 1252,770 1217,770 1216,771 1216,782 1215,783 1215,784 1215,784 1214,784 1213,785"/><TextEquiv index="1"><Unicode>jam ante Cæsaris litteras ut mihi satisfieri paterer a te.</Unicode></TextEquiv></TextLine><TextLine id="r0_l013"><Coords points="58,787 1063,787 1063,851 58,851"/><TextEquiv index="1"><Unicode>a satrap. Sătrăpes, -æ and -is, sesc.</Unicode></TextEquiv></TextLine><TextLine id="r0_l014"><Coords points="59,851 802,851 802,913 59,913"/><TextEquiv index="1"><Unicode>a satrapy. Satrapia. Plin.</Unicode></TextEquiv></TextLine><TextLine id="r0_l015"><Coords points="57,916 953,916 953,975 57,975"/><TextEquiv index="1"><Unicode>to saturate. Sătŭro, 1; exsaturo.</Unicode></TextEquiv></TextLine><TextLine id="r0_l016"><Coords points="58,978 722,978 722,1041 58,1041"/><TextEquiv index="1"><Unicode>Saturday. Dies Saturni.</Unicode></TextEquiv></TextLine><TextLine id="r0_l017"><Coords points="57,1043 538,1043 538,1105 57,1105"/><TextEquiv index="1"><Unicode>a satyr. Săt̆rus.</Unicode></TextEquiv></TextLine><TextLine id="r0_l018"><Coords points="58,1106 657,1106 657,1169 58,1169"/><TextEquiv index="1"><Unicode>of a satyr. Sătyrĭcus.</Unicode></TextEquiv></TextLine><TextLine id="r0_l019"><Coords points="1900,1262 1899,1262 1899,1216 1899,1215 1795,1215 1794,1216 1794,1218 1793,1219 1793,1220 1791,1222 1791,1223 1788,1226 1786,1226 1785,1227 1782,1225 1782,1220 1782,1219 1531,1219 1530,1220 1530,1221 1529,1222 1529,1223 1528,1224 1528,1225 1527,1226 1526,1226 1525,1227 1524,1226 1522,1226 1520,1225 1520,1223 1520,1222 1470,1222 1469,1221 1468,1221 1466,1219 1227,1219 1226,1220 1226,1227 1227,1227 1235,1227 1236,1228 1238,1228 1238,1229 1238,1230 1239,1231 1239,1234 1240,1235 1240,1235 1230,1235 1229,1235 1229,1234 1229,1233 1214,1233 1213,1233 1213,1232 1212,1231 1212,1222 1212,1221 1153,1221 1152,1220 937,1220 936,1221 936,1222 935,1223 935,1225 933,1227 933,1228 931,1230 929,1230 928,1231 924,1231 921,1229 921,1227 922,1226 922,1221 922,1220 882,1220 881,1219 508,1219 506,1221 506,1222 505,1223 505,1224 503,1226 503,1227 502,1228 502,1229 501,1230 501,1231 499,1233 498,1233 497,1234 492,1234 491,1233 490,1233 487,1231 487,1229 486,1228 486,1220 486,1219 259,1219 257,1221 257,1223 256,1224 256,1225 254,1227 253,1227 252,1228 209,1228 206,1231 204,1231 203,1232 200,1232 199,1233 190,1233 189,1232 187,1232 186,1231 185,1231 180,1227 180,1220 180,1219 130,1219 129,1220 129,1236 129,1236 128,1236 128,1219 128,1218 106,1218 105,1217 70,1217 69,1216 61,1216 60,1215 59,1215 58,1215 58,1214 57,1213 57,1208 56,1207 56,1205 57,1204 57,1193 58,1192 58,1190 59,1189 59,1187 60,1186 60,1185 62,1183 63,1183 64,1182 66,1182 67,1181 72,1181 73,1182 301,1182 301,1182 301,1176 302,1175 302,1174 303,1173 305,1173 306,1172 310,1172 311,1174 311,1175 312,1176 312,1187 313,1187 751,1187 751,1187 751,1173 753,1171 814,1171 815,1172 816,1172 816,1173 816,1174 817,1174 1150,1174 1151,1173 1152,1173 1153,1172 1388,1172 1390,1170 1424,1170 1425,1169 1429,1169 1430,1170 1815,1170 1817,1168 1902,1168 1903,1167 1908,1167 1909,1168 1910,1168 1911,1170 1911,1172 1912,1173 1912,1175 1913,1175 1924,1175 1924,1176 1924,1177 1925,1178 1925,1179 1928,1181 1965,1181 1966,1182 1967,1182 1968,1183 1971,1183 1972,1185 1972,1186 1973,1187 1973,1194 1974,1195 1974,1196 1975,1197 1975,1198 1976,1199 1976,1200 1977,1200 1979,1200 1980,1201 1981,1201 1981,1202 1981,1206 1982,1207 1982,1210 1981,1211 1981,1215 1981,1215 1904,1215 1903,1216 1903,1262 1903,1262"/><TextEquiv index="1"><Unicode>savage, in every sense. Fĕrus; i. e. wild, uncivilised, barbărus, inctltus</Unicode></TextEquiv></TextLine><TextLine id="r0_l020"><Coords points="1139,1296 1138,1296 1137,1296 1137,1295 1136,1293 458,1293 457,1294 453,1294 451,1293 451,1292 450,1291 450,1285 450,1284 356,1284 355,1283 150,1283 149,1282 124,1282 122,1281 122,1258 121,1257 121,1254 123,1252 123,1241 124,1240 124,1239 125,1238 125,1237 126,1236 132,1236 134,1238 701,1238 701,1238 701,1237 703,1235 705,1235 706,1234 707,1235 1577,1235 1578,1234 1583,1234 1584,1235 1585,1235 1585,1236 1585,1237 1586,1238 1586,1248 1587,1248 1601,1248 1602,1249 1603,1249 1604,1250 1606,1250 1608,1252 1609,1252 1610,1254 1610,1255 1611,1256 1611,1265 1612,1266 1612,1267 1613,1267 1617,1267 1618,1268 1620,1268 1621,1269 1622,1269 1624,1271 1625,1271 1625,1272 1625,1275 1626,1276 1625,1277 1625,1280 1624,1281 1623,1281 1622,1282 1618,1282 1617,1283 1400,1283 1399,1284 1399,1285 1398,1286 1398,1287 1397,1288 1397,1289 1396,1290 1396,1291 1396,1291 1395,1291 1393,1293 1391,1293 1390,1294 1145,1294 1144,1295 1143,1295 1142,1296 1141,1296 1140,1297"/><TextEquiv index="1"><Unicode>immansuetus; i e. cruel, crūdēlis, sævus, immānis, imft.</Unicode></TextEquiv></TextLine><TextLine id="r0_l021"><Coords points="57,1300 525,1300 525,1363 57,1363"/><TextEquiv index="1"><Unicode>savagely. Sæve.</Unicode></TextEquiv></TextLine><TextLine id="r0_l022"><Coords points="938,1426 937,1425 934,1425 932,1424 932,1423 931,1421 634,1421 632,1420 632,1413 632,1412 258,1412 214,1412 213,1413 213,1414 212,1415 212,1416 211,1417 211,1419 207,1423 206,1423 205,1424 204,1424 203,1425 200,1425 199,1426 193,1426 192,1425 188,1425 187,1424 186,1424 185,1423 184,1423 182,1422 182,1421 181,1420 181,1412 181,1411 60,1411 59,1410 58,1410 57,1410 56,1409 56,1408 55,1407 55,1397 56,1396 56,1383 57,1382 57,1381 58,1380 58,1379 60,1377 61,1377 62,1376 63,1376 64,1375 67,1375 68,1374 443,1374 443,1374 443,1367 444,1366 502,1366 503,1365 529,1365 530,1364 896,1364 897,1363 1107,1363 1108,1362 1109,1362 1110,1361 1403,1361 1405,1359 1407,1362 1407,1370 1408,1370 1420,1370 1421,1371 1422,1371 1422,1372 1422,1373 1423,1374 1423,1375 1424,1375 1455,1375 1456,1376 1467,1376 1468,1377 1469,1377 1471,1379 1472,1379 1473,1380 1474,1380 1475,1382 1475,1391 1476,1392 1476,1395 1478,1396 1485,1396 1488,1400 1488,1402 1489,1403 1489,1408 1487,1410 1486,1410 1485,1411 1193,1411 1192,1412 1192,1413 1191,1414 1191,1415 1184,1422 1183,1422 1182,1423 946,1423 944,1425 942,1425 941,1426"/><TextEquiv index="1"><Unicode>savageness. Fĕrĭtas; i. e. craelty, sævĭtia, immanĭts.</Unicode></TextEquiv></TextLine><TextLine id="r0_l023"><Coords points="57,1429 649,1429 649,1478 57,1478"/><TextEquiv index="1"><Unicode>sauce. Condīmentum.</Unicode></TextEquiv></TextLine><TextLine id="r0_l024"><Coords points="57,1491 964,1491 964,1553 57,1553"/><TextEquiv index="1"><Unicode>to season with sauce. Condio, 4.</Unicode></TextEquiv></TextLine><TextLine id="r0_l025"><Coords points="56,1554 974,1554 974,1617 56,1617"/><TextEquiv index="1"><Unicode>sauciness. Prŏtervĭtas, petulantia.</Unicode></TextEquiv></TextLine><TextLine id="r0_l026"><Coords points="1034,1682 1033,1681 1031,1681 1029,1680 1029,1668 1029,1667 878,1667 877,1666 592,1666 591,1667 591,1677 590,1678 589,1678 588,1679 576,1679 574,1677 542,1677 540,1676 540,1667 540,1666 198,1666 196,1668 196,1671 193,1674 193,1675 191,1677 190,1677 189,1678 187,1678 186,1679 182,1679 181,1678 180,1678 177,1676 177,1675 176,1674 176,1669 176,1668 106,1668 105,1667 70,1667 69,1666 61,1666 60,1665 59,1665 58,1665 58,1664 57,1663 57,1658 56,1657 56,1655 57,1654 57,1643 58,1642 58,1640 59,1639 59,1637 60,1636 60,1635 62,1633 63,1633 64,1632 66,1632 67,1631 294,1631 294,1631 294,1622 295,1621 295,1620 296,1619 361,1619 362,1618 627,1618 628,1617 629,1618 695,1618 697,1620 1108,1620 1109,1619 1110,1620 1113,1620 1114,1621 1115,1621 1115,1622 1115,1623 1116,1624 1116,1626 1117,1626 1188,1626 1189,1628 1189,1629 1190,1630 1190,1633 1193,1635 1194,1635 1196,1638 1196,1653 1197,1654 1197,1655 1198,1655 1208,1655 1210,1658 1210,1664 1209,1665 1209,1666 1208,1667 1207,1667 1206,1668 1049,1668 1048,1669 1048,1680 1046,1682"/><TextEquiv index="1"><Unicode>saucy. Prŏtervus, pĕtŭlans.—See impudent.</Unicode></TextEquiv></TextLine><TextLine id="r0_l027"><Coords points="57,1682 943,1682 943,1744 57,1744"/><TextEquiv index="1"><Unicode>to saunter. Văgor, 1; spătior, 1.</Unicode></TextEquiv></TextLine><TextLine id="r0_l028"><Coords points="1794,1808 1793,1807 1790,1807 1789,1806 1788,1806 1787,1805 1685,1805 1681,1801 1680,1801 1676,1798 1676,1797 1675,1796 1675,1795 1675,1794 1288,1794 1286,1796 1286,1797 1286,1797 1285,1797 1284,1798 1284,1799 1284,1799 1283,1799 1280,1802 1001,1802 999,1804 998,1804 997,1805 992,1805 990,1803 563,1803 562,1802 490,1802 487,1800 487,1795 487,1794 74,1794 73,1795 68,1795 67,1794 65,1794 64,1794 62,1792 62,1791 61,1790 61,1789 60,1788 60,1770 56,1766 56,1762 61,1757 62,1757 62,1757 62,1756 63,1755 63,1754 67,1750 348,1750 350,1748 351,1748 352,1747 353,1747 354,1746 535,1746 536,1747 538,1747 539,1748 540,1748 540,1749 540,1754 541,1754 1028,1754 1033,1749 1036,1749 1037,1748 1039,1748 1040,1747 1340,1747 1341,1746 1539,1746 1540,1745 1951,1745 1954,1742 1958,1742 1961,1746 1961,1748 1962,1749 1962,1752 1963,1753 1963,1754 1964,1755 1964,1756 1965,1757 1965,1759 1966,1760 1966,1767 1967,1768 1967,1769 1968,1770 1968,1773 1969,1773 1972,1773 1973,1774 1974,1774 1976,1777 1976,1778 1977,1779 1977,1780 1978,1781 1978,1782 1977,1783 1977,1786 1976,1787 1976,1792 1974,1794 1972,1794 1971,1795 1958,1795 1956,1797 1861,1797 1860,1798 1860,1799 1858,1801 1806,1801 1800,1807 1798,1807 1797,1808"/><TextEquiv index="1"><Unicode>to save. Servo, 1; conservo, tueer, 2.—From, deliver from (danger, &amp;c.)</Unicode></TextEquiv></TextLine><TextLine id="r0_l029"><Coords points="1122,1874 1121,1873 1118,1873 1117,1872 1085,1872 1084,1871 1040,1871 1038,1873 1037,1873 1036,1874 1032,1874 1031,1873 1029,1873 1028,1872 1027,1872 1026,1872 1026,1867 1025,1866 1025,1860 1025,1859 1015,1859 1014,1858 897,1858 896,1859 896,1868 894,1870 891,1870 890,1869 889,1869 887,1868 887,1867 887,1866 886,1866 882,1863 882,1862 880,1860 880,1859 880,1858 841,1858 840,1857 778,1857 777,1856 677,1856 676,1855 675,1855 674,1855 674,1846 674,1845 658,1845 657,1844 600,1844 599,1845 599,1855 598,1856 598,1857 598,1857 597,1857 596,1858 593,1858 592,1857 533,1857 531,1859 531,1861 530,1862 530,1863 529,1864 529,1865 528,1866 527,1866 526,1867 525,1867 524,1868 521,1868 520,1868 520,1867 519,1866 519,1859 518,1857 461,1857 460,1858 460,1868 459,1869 459,1870 458,1871 451,1871 450,1870 446,1870 445,1870 445,1869 444,1868 444,1857 444,1856 432,1856 431,1855 392,1855 391,1856 388,1856 387,1857 354,1857 353,1858 353,1859 352,1860 352,1863 352,1863 351,1863 350,1864 350,1865 350,1865 349,1865 348,1866 347,1866 346,1867 342,1867 341,1867 341,1866 340,1865 340,1856 340,1855 276,1855 275,1856 275,1857 274,1858 274,1859 273,1860 273,1861 272,1862 272,1863 271,1864 270,1864 269,1865 268,1865 267,1866 266,1865 264,1865 263,1865 263,1864 262,1863 262,1857 262,1856 204,1856 203,1857 130,1857 129,1858 120,1858 118,1857 118,1814 119,1813 120,1813 121,1812 123,1812 124,1811 126,1811 127,1812 206,1812 207,1811 210,1811 211,1813 211,1825 212,1825 231,1825 232,1826 252,1826 253,1827 254,1827 255,1828 256,1828 258,1831 258,1832 259,1833 259,1835 260,1836 260,1844 261,1844 269,1844 270,1845 273,1845 274,1846 307,1846 307,1846 307,1812 308,1811 309,1811 310,1810 313,1810 314,1809 316,1809 317,1810 318,1810 321,1814 321,1830 322,1830 377,1830 379,1828 379,1817 380,1816 381,1816 382,1815 421,1815 421,1815 421,1811 424,1808 442,1808 443,1810 443,1811 444,1811 484,1811 485,1812 486,1812 486,1813 486,1814 487,1815 487,1826 488,1826 508,1826 510,1828 511,1828 513,1831 513,1832 515,1834 515,1835 516,1836 516,1837 517,1838 517,1843 518,1843 557,1843 558,1842 558,1841 559,1840 559,1816 564,1811 569,1811 570,1810 575,1810 576,1811 579,1811 580,1812 581,1812 581,1813 581,1814 583,1816 583,1819 584,1820 584,1835 586,1836 627,1836 628,1835 666,1835 666,1835 666,1814 667,1813 667,1812 669,1810 680,1810 681,1809 685,1809 686,1810 703,1810 704,1812 704,1813 705,1814 705,1824 706,1824 722,1824 723,1825 764,1825 765,1826 807,1826 808,1825 810,1825 811,1826 827,1826 829,1828 876,1828 876,1828 876,1827 877,1826 878,1826 878,1826 878,1824 879,1823 879,1822 880,1821 880,1820 881,1819 881,1818 888,1811 890,1811 891,1810 892,1811 893,1811 893,1812 893,1813 894,1813 895,1813 895,1814 895,1826 896,1826 987,1826 988,1827 1015,1827 1016,1828 1063,1828 1063,1828 1063,1814 1065,1812 1067,1812 1068,1813 1069,1813 1074,1818 1075,1818 1075,1819 1076,1820 1076,1821 1078,1823 1078,1824 1082,1827 1176,1827 1177,1826 1236,1826 1237,1827 1239,1827 1240,1828 1241,1828 1245,1833 1245,1834 1247,1836 1247,1837 1248,1838 1248,1840 1249,1840 1283,1840 1283,1840 1283,1820 1284,1819 1284,1818 1288,1814 1289,1814 1290,1813 1291,1813 1292,1812 1302,1812 1303,1813 1304,1813 1305,1814 1306,1814 1309,1818 1309,1820 1310,1821 1310,1835 1311,1835 1370,1835 1371,1834 1372,1834 1373,1833 1374,1833 1375,1832 1376,1832 1377,1831 1380,1834 1454,1834 1454,1834 1454,1812 1457,1809 1480,1809 1481,1810 1488,1810 1489,1811 1492,1811 1494,1814 1494,1815 1495,1816 1495,1827 1496,1827 1544,1827 1545,1826 1550,1826 1551,1825 1572,1825 1573,1824 1603,1824 1604,1823 1605,1823 1606,1822 1608,1822 1610,1824 1638,1824 1639,1825 1683,1825 1684,1826 1785,1826 1785,1826 1785,1813 1787,1811 1788,1811 1789,1810 1817,1810 1820,1814 1820,1819 1821,1819 1840,1819 1840,1820 1840,1822 1841,1822 1913,1822 1913,1822 1913,1811 1916,1808 1938,1808 1939,1807 1940,1807 1941,1806 1942,1806 1943,1807 1945,1807 1945,1808 1945,1809 1946,1810 1946,1819 1947,1819 1961,1819 1966,1825 1966,1826 1968,1828 1968,1838 1969,1838 1973,1838 1975,1840 1976,1840 1977,1842 1977,1844 1978,1845 1978,1847 1977,1848 1977,1849 1976,1850 1975,1850 1974,1851 1951,1851 1950,1852 1950,1854 1949,1855 1947,1855 1946,1854 1898,1854 1897,1855 1815,1855 1814,1856 1808,1856 1807,1857 1728,1857 1726,1859 1726,1860 1725,1861 1725,1862 1724,1863 1724,1864 1723,1865 1723,1866 1720,1869 1720,1870 1720,1870 1719,1870 1718,1871 1715,1871 1714,1872 1713,1871 1711,1871 1710,1870 1709,1870 1708,1870 1708,1869 1707,1868 1707,1858 1707,1857 1633,1857 1632,1856 1597,1856 1588,1856 1587,1857 1558,1857 1557,1858 1549,1858 1548,1857 1508,1857 1507,1858 1506,1857 1468,1857 1467,1856 1465,1856 1462,1854 1462,1847 1462,1846 1424,1846 1423,1847 1398,1847 1397,1846 1325,1846 1324,1847 1324,1852 1323,1853 1323,1855 1322,1856 1322,1857 1322,1857 1320,1857 1319,1858 1299,1858 1298,1859 1264,1859 1262,1861 1262,1863 1261,1864 1261,1865 1257,1869 1256,1869 1255,1870 1253,1870 1252,1869 1251,1869 1250,1869 1250,1859 1250,1858 1182,1858 1181,1857 1139,1857 1138,1858 1135,1858 1134,1859 1134,1872 1134,1872 1133,1872 1132,1873 1131,1873 1130,1874"/><TextEquiv index="1"><Unicode>lībĕro, 1; ērĭpio, 3.—To save (money), parco, 3.—To save myself teab.</Unicode></TextEquiv></TextLine><TextLine id="r0_l030"><Coords points="120,1875 935,1875 935,1925 120,1925"/><TextEquiv index="1"><Unicode>Vitandi laboris mei causâ. Cic.</Unicode></TextEquiv></TextLine><TextLine id="r0_l031"><Coords points="467,2002 466,2001 451,2001 450,2000 446,2000 444,1998 184,1998 182,1997 182,1995 181,1994 181,1989 181,1988 90,1988 89,1987 60,1987 57,1985 57,1959 58,1958 58,1957 61,1954 62,1954 63,1953 65,1953 66,1952 125,1952 126,1951 229,1951 229,1951 229,1946 230,1945 230,1944 231,1943 232,1943 233,1942 236,1942 237,1943 238,1943 241,1946 698,1946 698,1946 698,1940 699,1939 700,1939 701,1938 711,1938 712,1939 725,1939 726,1940 728,1940 729,1941 730,1941 732,1943 733,1943 735,1946 735,1947 736,1947 814,1947 815,1949 815,1954 816,1954 869,1954 870,1955 871,1955 874,1959 874,1974 875,1974 882,1974 883,1976 883,1978 884,1979 884,1983 883,1984 883,1985 881,1987 881,1988 881,1988 550,1988 549,1989 549,1998 548,1999 548,2000 548,2000 546,2000 545,2001 470,2001 469,2002"/><TextEquiv index="1"><Unicode>save, i. e. except, q. v. Præter.</Unicode></TextEquiv></TextLine><TextLine id="r0_l032"><Coords points="893,2065 892,2064 890,2064 889,2063 865,2063 864,2063 864,2053 864,2052 670,2052 669,2051 577,2051 576,2050 270,2050 269,2051 269,2053 268,2054 268,2056 266,2058 266,2059 265,2060 263,2060 262,2061 260,2060 260,2058 259,2057 259,2054 259,2053 66,2053 65,2052 63,2052 62,2051 60,2051 58,2049 57,2049 56,2049 56,2048 55,2047 55,2041 56,2040 56,2026 57,2025 57,2024 58,2023 58,2022 59,2021 60,2021 63,2018 64,2018 65,2017 67,2017 68,2016 212,2016 213,2015 375,2015 376,2014 461,2014 461,2014 461,2008 462,2007 462,2006 463,2005 463,2004 465,2002 663,2002 664,2001 666,2001 667,2000 672,2000 672,2001 672,2002 673,2002 680,2002 681,2003 682,2003 682,2004 682,2005 683,2006 683,2011 684,2011 914,2011 915,2010 916,2010 919,2007 920,2007 921,2006 923,2006 924,2005 926,2005 927,2004 1244,2004 1246,2002 1248,2002 1249,2001 1250,2001 1251,2002 1256,2002 1258,2004 1266,2004 1266,2005 1266,2007 1267,2008 1267,2009 1268,2009 1623,2009 1623,2009 1623,2008 1624,2007 1624,2005 1627,2002 1629,2002 1630,2001 1631,2002 1633,2002 1635,2005 1635,2007 1636,2008 1636,2016 1637,2016 1650,2016 1651,2017 1666,2017 1667,2018 1668,2018 1670,2021 1670,2022 1671,2023 1671,2036 1672,2036 1681,2036 1683,2038 1684,2038 1685,2040 1685,2046 1684,2047 1684,2048 1683,2049 1680,2049 1679,2050 1588,2050 1587,2049 1340,2049 1339,2050 1164,2050 1162,2052 1156,2052 1155,2051 908,2051 906,2053 906,2055 906,2055 905,2055 904,2056 898,2062 898,2063 897,2064 895,2064 894,2065"/><TextEquiv index="1"><Unicode>a saver, or saviour. Servātor, fm. —trix. Conservater -trix.</Unicode></TextEquiv></TextLine><TextLine id="r0_l033"><Coords points="358,2132 357,2132 357,2131 357,2130 219,2130 218,2129 213,2129 212,2128 211,2128 210,2127 209,2127 205,2124 205,2122 204,2121 204,2118 204,2117 106,2117 105,2116 70,2116 69,2115 61,2115 60,2114 59,2114 58,2114 58,2113 57,2112 57,2107 56,2106 56,2104 57,2103 57,2092 58,2091 58,2089 59,2088 59,2086 60,2085 60,2084 62,2082 63,2082 64,2081 66,2081 67,2080 151,2080 151,2080 151,2072 153,2070 153,2069 154,2068 155,2068 156,2067 408,2067 409,2066 612,2066 613,2065 619,2065 620,2066 732,2066 734,2068 914,2068 915,2069 1426,2069 1428,2067 1714,2067 1714,2067 1714,2066 1715,2065 1716,2065 1717,2064 1734,2064 1735,2065 1840,2065 1841,2066 1842,2066 1842,2067 1842,2068 1843,2069 1843,2080 1844,2080 1862,2080 1863,2081 1864,2081 1866,2084 1866,2085 1867,2086 1867,2096 1869,2097 1877,2097 1880,2101 1880,2108 1879,2109 1879,2110 1879,2110 1844,2110 1843,2111 1814,2111 1813,2112 1779,2112 1778,2113 1670,2113 1669,2114 1633,2114 1632,2115 1632,2127 1632,2127 1631,2127 1629,2129 1222,2129 1221,2130 365,2130 364,2131 364,2132 364,2132"/><TextEquiv index="1"><Unicode>saving, i. e. the act of saving. Conservātio; i. e parsimesy, paĭmonia.</Unicode></TextEquiv></TextLine><TextLine id="r0_l034"><Coords points="219,2195 218,2194 213,2194 212,2193 211,2193 210,2192 209,2192 205,2189 205,2187 204,2186 204,2183 204,2182 106,2182 105,2181 70,2181 69,2180 61,2180 60,2179 59,2179 58,2179 58,2178 57,2177 57,2172 56,2171 56,2169 57,2168 57,2157 58,2156 58,2154 59,2153 59,2151 60,2150 60,2149 62,2147 63,2147 64,2146 66,2146 67,2145 151,2145 151,2145 151,2137 153,2135 153,2134 154,2133 155,2133 156,2132 365,2132 367,2134 746,2134 747,2133 748,2133 749,2132 813,2132 814,2131 819,2131 820,2132 1123,2132 1124,2131 1125,2131 1126,2130 1412,2130 1413,2131 1414,2131 1414,2132 1414,2135 1415,2136 1415,2164 1416,2164 1424,2164 1427,2168 1427,2169 1428,2170 1428,2175 1426,2177 1423,2177 1422,2178 1247,2178 1246,2179 1246,2180 1245,2181 1245,2182 1243,2184 1243,2185 1241,2187 1240,2187 1239,2188 1238,2188 1237,2189 1209,2189 1207,2191 1206,2191 1204,2193 1202,2193 1201,2194 1191,2194 1190,2193 1189,2193 1187,2191 1075,2191 1073,2190 1073,2189 1072,2188 1072,2182 1072,2181 832,2181 831,2180 830,2180 829,2179 537,2179 536,2180 482,2180 481,2181 413,2181 410,2184 409,2184 408,2185 406,2185 404,2187 352,2187 347,2192 228,2192 226,2194 224,2194 223,2195"/><TextEquiv index="1"><Unicode>saving, adj.; i. e. economical. Parcus, frūgi, indecl.</Unicode></TextEquiv></TextLine><TextLine id="r0_l035"><Coords points="57,2196 756,2196 756,2258 57,2258"/><TextEquiv index="1"><Unicode>savory. Thymbra. Plin.</Unicode></TextEquiv></TextLine><TextLine id="r0_l036"><Coords points="55,2260 482,2260 482,2322 55,2322"/><TextEquiv index="1"><Unicode>savour. Săpor.</Unicode></TextEquiv></TextLine><TextLine id="r0_l037"><Coords points="57,2325 621,2325 621,2387 57,2387"/><TextEquiv index="1"><Unicode>to savour. Săpio, 3.</Unicode></TextEquiv></TextLine><TextLine id="r0_l038"><Coords points="55,2388 722,2388 722,2450 55,2450"/><TextEquiv index="1"><Unicode>savoury. Lautus, dlcis.</Unicode></TextEquiv></TextLine><TextLine id="r0_l039"><Coords points="585,2516 584,2516 584,2502 584,2501 445,2501 444,2502 444,2503 443,2504 443,2505 443,2505 442,2505 441,2506 441,2507 436,2512 435,2512 434,2513 432,2513 430,2512 430,2503 430,2502 316,2502 315,2501 159,2501 158,2500 123,2500 122,2499 65,2499 64,2498 63,2498 62,2497 61,2497 58,2495 58,2494 57,2493 57,2476 56,2475 59,2472 59,2471 64,2466 65,2466 66,2465 68,2465 69,2464 298,2464 298,2464 298,2463 299,2462 299,2459 302,2456 303,2456 307,2452 311,2452 312,2453 715,2453 716,2452 735,2452 736,2453 737,2453 737,2454 737,2455 738,2456 738,2468 739,2468 759,2468 760,2469 761,2469 763,2472 763,2473 764,2474 764,2482 765,2483 765,2484 768,2486 778,2486 779,2487 780,2487 780,2488 781,2489 781,2490 783,2492 783,2496 782,2497 782,2498 780,2500 637,2500 636,2501 592,2501 591,2502 591,2516 591,2516"/><TextEquiv index="1"><Unicode>a saw. Serra, dim. serrŭla.</Unicode></TextEquiv></TextLine><TextLine id="r0_l040"><Coords points="832,2565 831,2564 315,2564 314,2564 313,2565 309,2565 308,2564 149,2564 148,2563 56,2563 54,2562 54,2518 56,2516 84,2516 86,2514 87,2514 87,2514 87,2513 89,2511 89,2510 91,2508 95,2508 96,2510 96,2516 97,2516 109,2516 110,2517 111,2517 111,2518 111,2519 112,2520 112,2527 113,2527 426,2527 426,2527 426,2526 428,2524 428,2522 432,2518 434,2518 435,2517 583,2517 584,2516 778,2516 779,2517 780,2517 780,2518 780,2519 781,2520 781,2521 782,2521 796,2521 798,2524 798,2525 799,2526 799,2529 803,2532 826,2532 828,2535 828,2552 829,2552 838,2552 840,2555 840,2557 841,2558 840,2559 840,2561 840,2561 839,2561 838,2562 838,2563 838,2563 837,2564 836,2564 835,2565"/><TextEquiv index="1"><Unicode>like a saw. Serratim. Vitr.</Unicode></TextEquiv></TextLine><TextLine id="r0_l041"><Coords points="57,2579 890,2579 890,2644 57,2644"/><TextEquiv index="1"><Unicode>saxifrage. Saxĭfrăgum. Plin.</Unicode></TextEquiv></TextLine><TextLine id="r0_l042"><Coords points="930,2705 929,2704 600,2704 599,2704 599,2703 599,2702 196,2702 195,2703 192,2703 191,2702 189,2702 187,2701 187,2700 186,2699 186,2694 186,2693 96,2693 95,2692 70,2692 69,2691 67,2691 66,2691 64,2689 64,2688 63,2687 63,2686 62,2685 62,2681 61,2680 61,2667 59,2665 59,2664 58,2663 58,2659 65,2652 65,2651 69,2647 300,2647 300,2647 300,2646 302,2644 303,2644 304,2643 312,2643 313,2644 877,2644 878,2643 1107,2643 1108,2644 1109,2644 1109,2645 1109,2648 1110,2649 1110,2650 1111,2650 1541,2650 1541,2650 1541,2646 1542,2645 1544,2645 1545,2644 1582,2644 1583,2643 1585,2643 1586,2642 1916,2642 1917,2641 1918,2641 1919,2640 1927,2640 1928,2641 1930,2641 1931,2642 1932,2642 1933,2644 1933,2646 1934,2647 1934,2648 1938,2652 1938,2653 1939,2653 1977,2653 1978,2654 1981,2654 1983,2656 1984,2656 1984,2657 1984,2665 1984,2665 1983,2665 1981,2667 1981,2684 1980,2685 1979,2685 1978,2686 1961,2686 1960,2687 1959,2687 1958,2688 1924,2688 1923,2689 1900,2689 1899,2690 1898,2690 1897,2691 1848,2691 1847,2692 1810,2692 1809,2693 1683,2693 1682,2692 1076,2692 1075,2693 1075,2702 1075,2702 1071,2702 1070,2703 948,2703 947,2704 939,2704 938,2705"/><TextEquiv index="1"><Unicode>to say. Dīco, 3; lŏquor, 3; ēloquor (these two never without a ăîώ'Ĕě</Unicode></TextEquiv></TextLine><TextLine id="r0_l043"><Coords points="540,2771 537,2769 537,2767 536,2766 536,2754 536,2753 471,2753 470,2754 470,2756 467,2759 467,2760 465,2762 465,2763 464,2764 463,2764 462,2765 459,2765 457,2764 457,2755 457,2754 403,2754 402,2755 402,2756 401,2757 401,2758 399,2760 399,2761 396,2764 396,2765 394,2767 392,2767 391,2768 389,2768 387,2767 387,2754 387,2753 355,2753 354,2754 292,2754 290,2756 290,2757 289,2758 289,2759 286,2762 286,2763 286,2763 285,2763 283,2765 257,2765 255,2767 252,2767 250,2766 250,2756 250,2755 186,2755 185,2754 150,2754 136,2754 135,2755 133,2755 132,2754 129,2754 126,2752 126,2750 125,2749 125,2740 124,2739 124,2733 122,2731 122,2730 121,2729 121,2727 122,2726 122,2725 125,2722 126,2722 127,2721 128,2720 128,2719 129,2718 130,2718 131,2717 143,2717 143,2717 143,2710 144,2709 145,2709 146,2708 150,2708 151,2709 152,2709 152,2710 152,2711 153,2712 153,2723 154,2723 218,2723 219,2724 249,2724 249,2724 249,2709 250,2708 251,2708 252,2707 255,2707 256,2708 257,2708 260,2712 260,2714 261,2715 261,2716 262,2717 262,2718 264,2720 264,2721 265,2722 265,2725 266,2726 266,2727 267,2727 285,2727 286,2728 321,2728 322,2727 322,2726 324,2724 324,2723 325,2722 325,2721 326,2720 326,2716 328,2714 328,2713 329,2712 330,2712 330,2712 330,2711 331,2710 332,2710 333,2709 334,2709 335,2708 339,2708 340,2709 341,2709 343,2712 343,2721 344,2721 372,2721 373,2722 385,2722 386,2723 387,2723 388,2725 388,2726 389,2727 389,2742 390,2742 399,2742 400,2743 428,2743 428,2743 428,2711 429,2710 430,2710 431,2709 434,2709 435,2708 443,2708 445,2710 446,2710 447,2712 447,2720 448,2721 448,2742 449,2742 492,2742 492,2742 492,2737 493,2736 493,2734 494,2733 494,2732 495,2731 496,2731 496,2731 496,2730 498,2728 499,2728 502,2725 504,2725 505,2724 512,2724 512,2724 512,2712 515,2709 523,2709 524,2710 526,2710 526,2711 526,2718 527,2718 562,2718 562,2718 562,2717 567,2712 568,2712 568,2712 568,2711 571,2708 572,2708 573,2707 577,2707 578,2708 579,2708 581,2711 581,2712 582,2713 582,2714 583,2715 583,2742 584,2742 621,2742 621,2742 621,2726 624,2723 630,2723 631,2724 684,2724 684,2724 684,2723 686,2721 686,2720 687,2719 688,2719 688,2719 688,2718 690,2716 691,2717 692,2717 693,2719 693,2720 694,2721 694,2722 696,2723 740,2723 741,2722 744,2722 745,2723 746,2723 747,2724 813,2724 813,2724 813,2711 815,2709 817,2709 818,2708 822,2708 823,2709 860,2709 861,2708 862,2708 863,2707 864,2708 866,2708 869,2712 869,2724 870,2724 895,2724 897,2727 897,2728 899,2729 929,2729 929,2729 929,2714 930,2713 930,2711 931,2710 932,2710 933,2709 944,2709 944,2710 944,2713 946,2715 946,2722 947,2722 985,2722 985,2722 985,2721 986,2720 986,2718 988,2716 990,2716 991,2717 992,2717 993,2719 993,2724 994,2724 1049,2724 1049,2724 1049,2716 1050,2715 1050,2713 1053,2710 1059,2710 1059,2711 1059,2712 1060,2713 1060,2726 1061,2726 1102,2726 1103,2725 1115,2725 1116,2727 1116,2743 1117,2743 1124,2743 1125,2744 1160,2744 1160,2744 1160,2742 1161,2741 1161,2730 1167,2724 1171,2724 1172,2723 1178,2723 1179,2722 1206,2722 1207,2721 1210,2721 1212,2723 1214,2723 1215,2724 1250,2724 1251,2723 1259,2723 1260,2724 1261,2724 1263,2727 1263,2743 1264,2743 1300,2743 1301,2742 1301,2729 1305,2725 1309,2725 1310,2726 1311,2726 1311,2727 1311,2728 1312,2728 1350,2728 1353,2725 1354,2725 1356,2723 1375,2723 1376,2722 1376,2717 1377,2716 1377,2715 1380,2712 1380,2711 1381,2710 1382,2710 1384,2708 1385,2708 1386,2707 1406,2707 1407,2708 1409,2708 1412,2712 1412,2723 1413,2723 1436,2723 1437,2722 1439,2722 1440,2721 1441,2721 1442,2722 1443,2722 1444,2723 1451,2723 1452,2724 1453,2724 1455,2726 1491,2726 1491,2726 1491,2725 1492,2724 1493,2724 1494,2723 1532,2723 1533,2722 1544,2722 1545,2721 1567,2721 1568,2722 1571,2722 1572,2724 1572,2725 1573,2726 1573,2727 1574,2728 1574,2742 1575,2742 1610,2742 1610,2742 1610,2725 1611,2724 1612,2724 1613,2723 1613,2711 1615,2709 1616,2709 1617,2708 1622,2708 1624,2711 1624,2714 1625,2715 1625,2723 1626,2723 1647,2723 1648,2724 1690,2724 1691,2723 1697,2723 1698,2724 1701,2724 1702,2725 1745,2725 1746,2724 1747,2724 1748,2723 1773,2723 1774,2722 1774,2720 1775,2719 1775,2718 1777,2716 1782,2716 1782,2717 1782,2718 1783,2719 1783,2727 1784,2728 1784,2743 1785,2743 1819,2743 1819,2743 1819,2738 1820,2737 1820,2736 1821,2735 1821,2732 1822,2731 1822,2730 1825,2727 1826,2727 1827,2726 1828,2726 1829,2725 1830,2725 1831,2724 1848,2724 1848,2724 1848,2721 1849,2720 1849,2714 1853,2710 1854,2710 1855,2709 1856,2709 1857,2708 1869,2708 1871,2706 1874,2706 1875,2707 1877,2707 1878,2708 1879,2708 1879,2709 1880,2710 1880,2711 1881,2712 1881,2714 1882,2714 1911,2714 1912,2716 1912,2717 1915,2719 1952,2719 1953,2720 1957,2720 1960,2723 1989,2723 1989,2724 1989,2725 1990,2726 1990,2742 1991,2743 1991,2745 1992,2746 1992,2750 1991,2751 1991,2753 1990,2754 1990,2755 1988,2757 1988,2758 1987,2759 1987,2760 1987,2760 1986,2760 1985,2759 1984,2759 1982,2758 1982,2756 1982,2755 1953,2755 1952,2754 1896,2754 1895,2755 1836,2755 1835,2756 1832,2756 1831,2755 1829,2755 1828,2754 1793,2754 1792,2755 1791,2755 1790,2756 1774,2756 1773,2757 1772,2757 1771,2756 1770,2756 1769,2755 1694,2755 1693,2756 1688,2756 1687,2757 1687,2767 1685,2769 1676,2769 1675,2768 1671,2768 1670,2768 1670,2767 1669,2766 1669,2757 1669,2756 1650,2756 1649,2755 1615,2755 1613,2753 1577,2753 1575,2755 1538,2755 1537,2756 1536,2756 1535,2755 1471,2755 1469,2757 1469,2759 1468,2760 1468,2761 1466,2763 1466,2764 1466,2764 1465,2764 1464,2765 1463,2765 1462,2766 1461,2765 1460,2765 1458,2764 1458,2756 1458,2755 1439,2755 1438,2754 1426,2754 1402,2754 1401,2755 1354,2755 1350,2751 1349,2751 1348,2751 1348,2750 1347,2749 1347,2748 1346,2747 1346,2746 1345,2745 1345,2744 1344,2743 1344,2742 1342,2740 1342,2738 1342,2737 1310,2737 1309,2738 1309,2756 1308,2757 1308,2758 1308,2758 1303,2763 1302,2763 1301,2764 1297,2764 1296,2764 1296,2757 1296,2756 1271,2756 1270,2755 1269,2755 1268,2754 1230,2754 1229,2755 1227,2755 1225,2753 1224,2753 1223,2752 1184,2752 1183,2753 1182,2753 1181,2754 1175,2754 1174,2755 1174,2767 1174,2767 1172,2767 1171,2768 1170,2767 1160,2767 1158,2766 1158,2752 1158,2751 1127,2751 1124,2754 1123,2754 1122,2755 1109,2755 1107,2757 1107,2758 1106,2759 1106,2760 1104,2762 1103,2762 1102,2763 1101,2763 1096,2768 1093,2768 1092,2769 1090,2769 1089,2768 1088,2768 1083,2764 1083,2755 1083,2754 1034,2754 1033,2755 970,2755 969,2756 968,2756 967,2755 830,2755 829,2756 825,2756 824,2755 733,2755 732,2754 668,2754 667,2755 649,2755 648,2756 642,2756 641,2755 600,2755 599,2756 599,2759 591,2767 590,2767 589,2768 586,2768 585,2768 585,2764 585,2763 550,2763 549,2764 549,2767 547,2769 546,2769 545,2770 544,2770 543,2771"/><TextEquiv index="1"><Unicode>them); for, 1, def., not used ia lst sing. pres.; effor, usa. in part. efftu;</Unicode></TextEquiv></TextLine><TextLine id="r0_l044"><Coords points="1116,2833 1115,2833 1114,2832 1113,2832 1112,2832 1112,2831 1111,2830 1111,2829 1110,2828 1110,2820 1110,2819 1039,2819 1037,2821 1037,2822 1036,2823 1036,2824 1034,2826 1034,2827 1034,2827 1033,2827 1032,2828 1031,2828 1030,2829 1028,2829 1026,2828 1026,2827 1025,2826 1025,2820 1025,2819 918,2819 917,2820 917,2830 917,2830 916,2830 915,2831 915,2832 915,2832 907,2832 906,2833 903,2833 902,2832 898,2832 897,2832 897,2831 896,2830 896,2820 896,2819 763,2819 762,2820 758,2820 757,2819 557,2819 556,2820 556,2821 555,2822 555,2823 552,2826 551,2826 550,2827 546,2827 545,2827 545,2819 545,2818 468,2818 467,2819 467,2830 466,2831 454,2831 453,2832 452,2832 451,2831 450,2831 448,2830 448,2819 448,2818 410,2818 409,2817 348,2817 347,2818 347,2819 346,2820 346,2821 344,2823 344,2824 342,2826 341,2826 340,2827 339,2827 338,2828 283,2828 280,2831 279,2831 278,2832 277,2832 276,2833 271,2833 268,2831 268,2830 267,2829 267,2820 267,2819 209,2819 208,2820 208,2821 207,2822 207,2823 206,2824 206,2826 206,2826 205,2826 203,2828 202,2828 201,2829 197,2829 196,2829 196,2821 196,2820 128,2820 127,2819 125,2819 120,2815 120,2795 121,2794 121,2793 124,2790 126,2790 127,2789 128,2789 129,2788 151,2788 151,2788 151,2777 152,2776 152,2775 154,2773 155,2773 156,2772 160,2772 160,2773 160,2774 161,2775 161,2776 162,2777 162,2788 163,2788 181,2788 182,2789 183,2789 184,2790 242,2790 243,2789 245,2789 246,2788 246,2776 247,2775 249,2775 250,2774 303,2774 304,2773 306,2773 307,2772 310,2772 311,2773 312,2773 313,2775 313,2776 314,2777 314,2789 315,2789 388,2789 389,2788 389,2778 390,2777 390,2774 391,2773 392,2773 393,2772 394,2772 395,2771 397,2771 398,2772 399,2772 399,2773 399,2774 400,2775 400,2787 401,2787 471,2787 472,2786 501,2786 501,2786 501,2775 504,2772 510,2772 510,2773 510,2774 511,2775 511,2787 512,2787 758,2787 759,2788 837,2788 837,2788 837,2777 838,2776 838,2775 839,2774 840,2774 842,2772 844,2772 845,2773 846,2773 848,2776 848,2787 849,2787 964,2787 965,2788 1014,2788 1016,2791 1016,2792 1018,2793 1076,2793 1077,2792 1079,2792 1081,2790 1084,2790 1085,2789 1089,2789 1089,2789 1089,2776 1091,2774 1151,2774 1152,2773 1202,2773 1204,2771 1205,2771 1206,2770 1244,2770 1245,2771 1247,2771 1248,2773 1248,2774 1250,2776 1250,2785 1251,2785 1255,2785 1256,2786 1362,2786 1363,2785 1364,2785 1366,2783 1366,2782 1367,2781 1368,2781 1369,2780 1371,2780 1372,2782 1372,2783 1374,2784 1429,2784 1430,2785 1489,2785 1490,2784 1520,2784 1520,2784 1520,2779 1521,2778 1521,2775 1522,2774 1522,2773 1523,2772 1561,2772 1562,2771 1567,2771 1568,2772 1569,2772 1570,2774 1570,2775 1571,2776 1571,2786 1573,2787 1651,2787 1651,2787 1651,2783 1653,2781 1655,2781 1656,2780 1660,2780 1662,2783 1662,2786 1663,2786 1706,2786 1707,2787 1708,2787 1709,2788 1710,2788 1711,2789 1772,2789 1773,2788 1843,2788 1843,2788 1843,2774 1846,2771 1849,2771 1857,2780 1857,2781 1858,2782 1858,2784 1859,2785 1859,2786 1860,2787 1860,2789 1861,2790 1861,2793 1862,2794 1862,2806 1863,2806 1871,2806 1872,2807 1873,2807 1873,2808 1873,2809 1874,2810 1874,2816 1873,2817 1872,2817 1871,2818 1870,2818 1869,2819 1859,2819 1857,2821 1857,2824 1854,2827 1854,2828 1853,2829 1852,2829 1849,2832 1846,2832 1845,2832 1845,2831 1844,2830 1844,2822 1844,2821 1753,2821 1752,2820 1699,2820 1698,2819 1625,2819 1624,2818 1550,2818 1549,2819 1501,2819 1500,2818 1442,2818 1441,2819 1437,2819 1436,2818 1312,2818 1311,2819 1307,2819 1306,2818 1263,2818 1262,2817 1211,2817 1210,2818 1210,2832 1210,2832 1206,2832 1205,2831 1204,2831 1197,2825 1197,2824 1196,2823 1196,2822 1195,2821 1195,2820 1195,2819 1133,2819 1130,2822 1130,2823 1129,2824 1123,2824 1122,2825 1122,2829 1121,2830 1121,2831 1119,2833 1118,2833 1117,2834"/><TextEquiv index="1"><Unicode>aio, def.; inquio, more usu. inquam, def. (these two withont a case).</Unicode></TextEquiv></TextLine><TextLine id="r0_l045"><Coords points="58,2835 1992,2835 1992,2899 58,2899"/><TextEquiv index="1"><Unicode>to say, to keep on saying, to say often. Dictĭte, 1.—They say, dicunt</Unicode></TextEquiv></TextLine><TextLine id="r0_l046"><Coords points="157,2966 156,2966 156,2950 156,2949 134,2949 133,2948 132,2948 131,2947 130,2947 128,2945 127,2945 126,2945 126,2944 124,2942 124,2941 123,2940 123,2939 122,2938 122,2929 123,2928 123,2926 124,2925 124,2924 126,2922 126,2921 127,2920 128,2920 130,2918 132,2918 133,2917 134,2917 134,2917 134,2904 136,2902 137,2902 138,2901 160,2901 161,2900 367,2900 368,2899 590,2899 591,2900 592,2900 593,2901 837,2901 838,2902 839,2902 840,2904 840,2905 841,2906 841,2908 842,2908 1414,2908 1414,2908 1414,2900 1415,2899 1416,2899 1417,2898 1421,2898 1422,2899 1423,2899 1424,2900 1472,2900 1473,2901 1474,2901 1475,2902 1809,2902 1811,2905 1811,2906 1812,2907 1812,2910 1813,2910 1974,2910 1975,2911 1979,2911 1982,2915 1982,2933 1983,2933 1989,2933 1993,2938 1993,2942 1992,2943 1992,2944 1990,2946 1990,2948 1989,2949 1989,2950 1987,2952 1985,2952 1984,2953 1970,2953 1969,2954 1969,2955 1969,2955 1968,2956 1967,2956 1966,2957 1867,2957 1866,2958 1865,2958 1864,2959 1863,2959 1862,2960 1855,2960 1852,2958 1852,2949 1852,2948 1352,2948 1351,2949 1351,2959 1351,2959 1350,2959 1349,2960 1347,2960 1346,2961 1339,2961 1337,2959 975,2959 974,2958 711,2958 709,2956 296,2956 293,2959 164,2959 163,2960 163,2966 163,2966"/><TextEquiv index="1"><Unicode>dicitur, ferant, fertur, referunt, memerant, perhibent. — As they sy,</Unicode></TextEquiv></TextLine><TextLine id="r0_l047"><Coords points="1835,3026 1834,3025 1832,3025 1830,3024 1830,3021 1829,3020 1829,3014 1829,3013 1650,3013 1649,3012 1229,3012 1228,3013 1228,3026 1228,3026 1224,3026 1223,3026 1223,3013 1223,3012 894,3012 893,3011 264,3011 263,3012 261,3012 260,3013 130,3013 129,3012 127,3012 122,3008 122,2988 123,2987 123,2986 126,2983 128,2983 129,2982 130,2982 131,2981 153,2981 153,2981 153,2972 154,2971 154,2968 156,2966 334,2966 336,2964 337,2964 338,2963 575,2963 576,2962 611,2962 612,2963 1494,2963 1495,2962 1501,2962 1502,2963 1911,2963 1912,2964 1913,2964 1914,2966 1914,2970 1915,2971 1915,2976 1916,2977 1916,2978 1917,2978 1928,2978 1929,2980 1929,2981 1930,2982 1930,2996 1931,2996 1939,2996 1942,3000 1942,3004 1941,3005 1941,3007 1939,3009 1873,3009 1872,3010 1845,3010 1844,3011 1844,3022 1843,3023 1843,3024 1842,3025 1838,3025 1837,3026"/><TextEquiv index="1"><Unicode>aiunt. Liv.—Thus he said. Talia dicta dabat. Ov.—See to speak.</Unicode></TextEquiv></TextLine><TextLine id="r0_l048"><Coords points="124,3124 123,3124 123,3078 123,3077 84,3077 83,3076 64,3076 63,3075 62,3075 59,3073 59,3072 58,3071 58,3065 59,3064 59,3049 64,3044 65,3044 66,3043 67,3043 68,3042 71,3042 72,3041 200,3041 200,3041 200,3031 203,3028 371,3028 372,3027 421,3027 422,3026 423,3027 424,3027 425,3028 1184,3028 1185,3027 1187,3027 1188,3026 1228,3026 1229,3027 1759,3027 1760,3028 1763,3028 1764,3030 1764,3031 1765,3032 1765,3038 1766,3038 1987,3038 1988,3039 1989,3039 1990,3040 1990,3041 1990,3042 1993,3045 1993,3048 1994,3049 1994,3063 1995,3064 1995,3067 1996,3068 1996,3068 1994,3068 1993,3069 1978,3069 1977,3070 1948,3070 1947,3071 1906,3071 1905,3072 1904,3072 1903,3073 1827,3073 1826,3074 1826,3075 1826,3075 1800,3075 1799,3076 1798,3075 1743,3075 1742,3074 1041,3074 1040,3075 1040,3084 1039,3085 1039,3086 1039,3086 1037,3086 1036,3087 804,3087 803,3088 802,3088 801,3089 800,3089 799,3090 501,3090 500,3091 500,3093 500,3093 397,3093 396,3094 396,3119 394,3121 394,3122 393,3123 348,3123 347,3124"/><TextEquiv index="1"><Unicode>a saying. Dictum; i. e. a proverb, proverbium. —For what other ressn</Unicode></TextEquiv></TextLine><TextLine id="r0_l049"><Coords points="1071,3156 1071,3138 1071,3137 1042,3137 1041,3138 1013,3138 1012,3137 987,3137 986,3136 985,3136 984,3135 955,3135 954,3136 954,3137 954,3137 952,3137 951,3138 910,3138 908,3140 908,3145 908,3145 907,3145 903,3149 901,3149 899,3148 899,3139 899,3138 855,3138 854,3139 825,3139 824,3140 824,3144 823,3145 823,3147 819,3151 818,3151 817,3152 810,3152 806,3149 806,3123 806,3122 782,3122 781,3123 781,3124 780,3125 780,3126 779,3127 779,3129 778,3130 778,3132 777,3133 777,3134 776,3135 776,3137 775,3138 775,3140 774,3141 774,3142 773,3143 773,3144 772,3145 772,3146 771,3147 771,3148 769,3150 768,3150 767,3151 766,3151 765,3152 763,3152 762,3151 759,3151 756,3149 756,3148 755,3147 755,3139 755,3138 708,3138 707,3137 696,3137 695,3136 694,3136 691,3134 691,3132 690,3131 690,3129 689,3128 689,3126 689,3125 659,3125 658,3126 658,3131 657,3132 657,3133 656,3134 656,3135 654,3137 652,3137 651,3138 649,3138 648,3139 647,3138 644,3138 643,3137 631,3137 630,3137 630,3136 630,3135 623,3135 622,3135 622,3132 622,3131 581,3131 580,3132 580,3133 580,3133 565,3133 564,3134 564,3135 563,3136 557,3136 556,3135 482,3135 478,3132 478,3130 477,3129 477,3116 476,3115 476,3112 476,3111 448,3111 447,3112 447,3135 446,3136 443,3136 442,3135 407,3135 404,3133 404,3125 404,3124 395,3124 393,3123 394,3122 394,3121 396,3119 405,3119 405,3119 405,3112 406,3111 419,3111 419,3111 419,3095 422,3092 425,3092 426,3093 427,3093 427,3094 427,3108 428,3108 443,3108 445,3110 475,3110 475,3110 475,3109 476,3108 476,3106 478,3104 479,3104 480,3103 496,3103 496,3103 496,3094 497,3093 502,3093 502,3094 502,3096 503,3097 503,3108 504,3108 511,3108 512,3109 564,3109 565,3108 567,3108 568,3109 569,3109 570,3110 586,3110 587,3111 591,3111 592,3112 621,3112 621,3112 621,3110 622,3109 623,3109 624,3108 624,3097 625,3096 625,3095 626,3094 627,3094 628,3093 630,3093 631,3092 632,3094 632,3108 633,3108 641,3108 642,3107 652,3107 653,3108 684,3108 686,3106 726,3106 726,3106 726,3094 727,3093 727,3092 728,3091 735,3091 737,3094 737,3095 738,3096 738,3106 739,3106 742,3106 743,3107 780,3107 781,3106 786,3106 787,3107 891,3107 891,3108 891,3109 892,3110 892,3115 893,3116 893,3124 894,3124 927,3124 927,3124 927,3114 928,3113 928,3111 931,3108 932,3108 933,3107 938,3107 939,3106 940,3107 947,3107 948,3108 1016,3108 1017,3107 1031,3107 1033,3105 1033,3103 1035,3101 1035,3100 1036,3099 1039,3099 1039,3100 1039,3101 1040,3102 1040,3105 1043,3107 1078,3107 1079,3106 1136,3106 1137,3105 1144,3105 1145,3106 1146,3106 1147,3107 1177,3107 1178,3106 1179,3106 1180,3105 1181,3106 1186,3106 1187,3107 1226,3107 1227,3106 1288,3106 1289,3105 1293,3105 1294,3106 1304,3106 1305,3107 1331,3107 1331,3107 1331,3094 1335,3090 1341,3090 1342,3091 1343,3091 1344,3093 1344,3094 1345,3095 1345,3102 1346,3103 1346,3107 1347,3107 1377,3107 1378,3106 1395,3106 1396,3105 1396,3103 1397,3102 1397,3100 1398,3099 1398,3098 1399,3097 1399,3096 1404,3091 1405,3091 1406,3090 1412,3090 1413,3091 1414,3091 1414,3092 1414,3093 1415,3094 1415,3096 1416,3097 1416,3107 1417,3107 1454,3107 1455,3106 1530,3106 1532,3104 1532,3103 1533,3102 1533,3101 1534,3100 1534,3099 1535,3098 1536,3098 1537,3097 1538,3098 1539,3098 1539,3099 1539,3104 1540,3105 1540,3106 1542,3107 1543,3107 1544,3108 1575,3108 1577,3106 1608,3106 1609,3107 1655,3107 1656,3106 1689,3106 1690,3107 1719,3107 1720,3108 1750,3108 1751,3109 1752,3109 1753,3110 1754,3110 1754,3111 1754,3112 1755,3112 1756,3112 1756,3113 1756,3114 1757,3115 1757,3116 1758,3117 1758,3119 1759,3119 1789,3119 1789,3119 1789,3118 1790,3117 1790,3116 1792,3114 1792,3113 1796,3109 1799,3109 1800,3108 1813,3108 1813,3108 1813,3097 1817,3093 1823,3093 1824,3094 1825,3094 1826,3096 1826,3100 1827,3101 1827,3105 1829,3106 1897,3106 1897,3106 1897,3092 1899,3090 1926,3090 1927,3089 1928,3089 1929,3090 1931,3090 1933,3093 1933,3098 1934,3099 1934,3103 1935,3103 1969,3103 1969,3103 1969,3102 1970,3101 1972,3101 1972,3101 1972,3092 1974,3090 1977,3090 1979,3093 1979,3098 1980,3098 1991,3098 1991,3099 1991,3100 1993,3102 1993,3103 1995,3105 1995,3124 1996,3125 1996,3130 1995,3131 1994,3131 1993,3132 1980,3132 1979,3133 1966,3133 1964,3135 1909,3135 1908,3136 1895,3136 1894,3137 1860,3137 1859,3138 1839,3138 1838,3139 1837,3139 1836,3138 1814,3138 1806,3138 1805,3139 1774,3139 1773,3140 1773,3144 1772,3145 1772,3146 1771,3147 1770,3147 1769,3148 1768,3148 1767,3149 1766,3148 1765,3148 1763,3147 1763,3139 1763,3138 1731,3138 1730,3139 1730,3142 1729,3143 1729,3145 1728,3146 1728,3147 1727,3148 1727,3150 1724,3153 1720,3153 1719,3154 1715,3154 1714,3153 1707,3153 1705,3151 1704,3151 1703,3151 1703,3150 1701,3148 1701,3138 1701,3137 1646,3137 1645,3138 1645,3155 1645,3155 1644,3155 1644,3138 1644,3137 1612,3137 1611,3138 1577,3138 1576,3137 1575,3137 1574,3136 1540,3136 1539,3137 1538,3137 1537,3138 1536,3137 1505,3137 1504,3136 1466,3136 1465,3136 1464,3137 1449,3137 1448,3138 1448,3146 1447,3147 1447,3148 1445,3150 1433,3150 1432,3151 1426,3151 1425,3150 1424,3150 1423,3150 1423,3149 1422,3148 1422,3146 1421,3145 1421,3138 1421,3137 1372,3137 1371,3138 1371,3154 1371,3154 1369,3154 1368,3154 1368,3138 1368,3137 1271,3137 1270,3136 1239,3136 1238,3137 1199,3137 1198,3138 1198,3142 1197,3143 1197,3144 1194,3147 1194,3148 1190,3152 1187,3152 1186,3153 1183,3153 1182,3152 1176,3152 1175,3151 1174,3151 1170,3148 1170,3146 1169,3145 1169,3138 1169,3137 1134,3137 1133,3138 1131,3138 1130,3137 1073,3137 1072,3138 1072,3156 1072,3156"/><TextEquiv index="1"><Unicode>k there is why you, a veteran general of great courage, sheuld et</Unicode></TextEquiv></TextLine><TextLine id="r0_l050"><Coords points="272,3217 268,3214 268,3204 268,3203 174,3203 173,3202 138,3202 137,3201 136,3201 134,3200 134,3199 133,3198 133,3196 132,3195 132,3191 131,3190 131,3188 130,3187 130,3186 129,3185 129,3184 128,3183 128,3182 126,3180 126,3179 125,3178 125,3134 124,3133 124,3132 123,3131 123,3127 124,3126 235,3126 236,3125 272,3125 273,3124 357,3124 358,3123 394,3123 395,3125 395,3130 396,3131 396,3133 397,3133 405,3133 406,3135 406,3155 407,3155 728,3155 729,3156 1304,3156 1305,3155 1366,3155 1367,3154 1508,3154 1509,3155 1647,3155 1647,3156 1647,3157 1648,3157 1706,3157 1707,3158 1710,3158 1712,3161 1712,3165 1713,3165 1982,3165 1983,3166 1991,3166 1992,3167 1993,3167 1993,3168 1993,3169 1994,3170 1994,3171 1996,3173 1996,3174 1997,3175 1997,3180 1996,3181 1996,3192 1995,3193 1995,3194 1993,3196 1992,3196 1991,3197 1963,3197 1962,3198 1935,3198 1934,3199 1894,3199 1893,3200 1892,3200 1891,3201 1845,3201 1844,3202 1843,3202 1842,3203 1331,3203 1330,3204 1330,3208 1327,3211 1326,3211 1324,3213 1133,3213 1132,3214 1131,3214 1130,3215 1129,3215 1128,3216 1118,3216 1117,3215 740,3215 739,3215 739,3203 739,3202 286,3202 285,3203 285,3204 284,3205 284,3206 284,3206 281,3206 280,3207 280,3215 279,3216 278,3216 277,3217"/><TextEquiv index="1"><Unicode>;or hands folded, as the saying is. Quid eaim aliud esse cams</Unicode></TextEquiv></TextLine><TextLine id="r0_l051"><Coords points="125,3219 1996,3219 1996,3284 125,3284"/><TextEquiv index="1"><Unicode>redemus. cur veteranus dux, fortissimus belle, compressis, quod aiust,</Unicode></TextEquiv></TextLine><TextLine id="r0_l052"><Coords points="124,3284 710,3284 710,3332 124,3332"/><TextEquiv index="1"><Unicode>nibus sedeas? Liv.</Unicode></TextEquiv></TextLine><TextLine id="r0_l053"><Coords points="62,3413 572,3413 572,3469 62,3469"/><TextEquiv index="1"><Unicode>scabbard. Vāīna.</Unicode></TextEquiv></TextLine><TextLine id="r0_l054"><Coords points="62,3475 575,3475 575,3528 62,3528"/><TextEquiv index="1"><Unicode>scabby. Scăb osus.</Unicode></TextEquiv></TextLine><TextLine id="r0_l055"><Coords points="511,3628 506,3628 505,3628 505,3621 505,3620 504,3620 503,3619 502,3619 501,3619 501,3613 501,3612 495,3612 494,3611 492,3611 491,3611 491,3597 491,3596 384,3596 383,3595 382,3595 381,3594 368,3594 367,3594 367,3579 367,3578 323,3578 322,3577 248,3577 247,3576 69,3576 68,3575 65,3575 63,3574 63,3568 64,3567 64,3566 65,3565 65,3552 66,3551 66,3550 67,3549 70,3549 71,3548 148,3548 149,3547 152,3547 153,3546 203,3546 204,3545 204,3544 205,3543 205,3542 208,3539 220,3539 220,3539 220,3538 221,3537 222,3537 223,3536 228,3536 229,3535 676,3535 677,3536 872,3536 874,3538 875,3538 875,3539 875,3540 876,3541 876,3543 877,3544 877,3546 878,3546 921,3546 922,3547 923,3547 923,3548 923,3551 924,3552 924,3553 925,3553 995,3553 996,3554 997,3554 998,3555 1000,3555 1000,3556 1000,3557 1001,3558 1001,3559 1002,3560 1002,3563 1003,3564 1003,3569 1004,3570 1004,3572 1005,3572 1014,3572 1015,3573 1017,3573 1019,3576 1019,3577 1020,3578 1020,3580 1019,3581 1019,3582 1018,3583 1018,3584 1017,3585 726,3585 725,3586 725,3588 724,3589 724,3590 721,3593 514,3593 513,3594 513,3627 512,3628 512,3629 512,3629"/><TextEquiv index="1"><Unicode>a scafolding. tăbŭlstio, tăbŭlātm.</Unicode></TextEquiv></TextLine><TextLine id="r0_l056"><Coords points="1,3651 1,3651 1,3562 1,3561 2,3561 2,3562 2,3583 3,3583 43,3583 43,3584 43,3587 44,3587 49,3587 49,3588 49,3589 50,3589 57,3589 57,3590 57,3592 58,3592 59,3592 59,3593 59,3594 60,3594 61,3594 62,3595 62,3596 62,3597 63,3597 365,3597 365,3597 365,3595 366,3594 372,3594 373,3595 383,3595 384,3597 384,3599 386,3600 387,3600 388,3601 391,3601 391,3602 391,3614 392,3614 414,3614 415,3615 434,3615 435,3616 438,3616 439,3617 440,3617 441,3618 442,3618 442,3619 442,3620 444,3622 444,3625 445,3626 445,3629 446,3629 493,3629 493,3630 489,3634 459,3634 458,3635 459,3636 459,3643 457,3645 457,3646 457,3646 456,3646 454,3645 454,3641 454,3640 363,3640 362,3639 3,3639 2,3640 2,3651 2,3651"/><TextEquiv index="1"><Unicode>—. l. Uro,</Unicode></TextEquiv></TextLine><TextLine id="r0_l057"><Coords points="1,3742 1,3742 1,3652 1,3651 2,3651 2,3652 2,3658 3,3658 227,3658 228,3659 229,3659 231,3661 358,3661 358,3662 358,3663 359,3663 376,3663 376,3664 376,3675 377,3675 420,3675 421,3676 422,3676 423,3677 426,3677 426,3678 426,3694 425,3695 425,3698 425,3698 422,3698 421,3699 421,3725 420,3726 406,3726 405,3727 405,3734 404,3735 404,3736 404,3736 389,3736 388,3737 388,3740 388,3740 3,3740 2,3741 2,3742 2,3742"/><TextEquiv index="1"><Unicode></Unicode></TextEquiv></TextLine><TextLine id="r0_l058"><Coords points="437,3744 437,3727 437,3726 421,3726 420,3726 421,3725 425,3725 425,3725 425,3695 426,3694 426,3680 427,3679 439,3679 439,3679 439,3678 440,3677 480,3677 480,3677 480,3662 481,3661 482,3661 483,3660 488,3660 488,3660 488,3635 493,3630 505,3630 505,3630 505,3629 506,3628 511,3628 512,3630 512,3634 513,3634 523,3634 525,3637 525,3662 526,3662 1143,3662 1144,3663 1174,3663 1175,3664 1194,3664 1195,3665 1196,3665 1197,3666 1787,3666 1788,3667 1789,3667 1790,3668 1893,3668 1894,3669 1923,3669 1926,3673 1926,3680 1927,3680 1965,3680 1966,3681 1982,3681 1984,3684 1984,3688 1985,3689 1985,3696 1986,3697 1986,3698 1987,3698 1989,3698 1990,3699 1991,3699 1993,3702 1993,3705 1994,3706 1994,3708 1993,3709 1993,3711 1991,3713 1962,3713 1961,3714 1927,3714 1926,3715 1874,3715 1873,3716 842,3716 839,3719 839,3720 839,3720 838,3720 837,3721 836,3721 835,3722 448,3722 447,3723 447,3743 447,3743 445,3743 443,3742 443,3740 441,3738 441,3727 441,3726 439,3726 438,3727 438,3744 438,3744"/><TextEquiv index="1"><Unicode>d.3; ascendo, 3.—The soldiers soale the walls with ldden</Unicode></TextEquiv></TextLine><TextLine id="r0_l059"><Coords points="1159,3775 1158,3774 1070,3774 1069,3773 902,3773 901,3772 822,3772 821,3771 730,3771 729,3770 715,3770 714,3769 702,3769 701,3768 687,3768 686,3767 650,3767 648,3765 620,3765 619,3764 595,3764 594,3763 558,3763 557,3762 485,3762 483,3761 483,3760 479,3756 479,3753 478,3752 478,3750 479,3749 479,3740 481,3738 555,3738 555,3738 555,3725 557,3723 559,3723 559,3724 560,3725 560,3727 561,3727 599,3727 599,3728 599,3736 600,3736 959,3736 959,3736 959,3730 960,3729 961,3729 963,3727 1160,3727 1161,3726 1167,3726 1168,3727 1175,3727 1176,3728 1177,3728 1178,3729 1179,3729 1179,3730 1179,3741 1180,3741 1193,3741 1194,3742 1238,3742 1239,3743 1241,3743 1242,3745 1242,3747 1243,3748 1243,3760 1244,3761 1244,3762 1245,3762 1253,3762 1254,3764 1254,3765 1255,3766 1255,3772 1254,3773 1239,3773 1237,3775"/><TextEquiv index="1"><Unicode>-is muros ascendunt. Cæs.</Unicode></TextEquiv></TextLine><TextLine id="r0_l060"><Coords points="936,3848 934,3846 933,3846 932,3846 932,3841 932,3840 716,3840 714,3839 714,3838 713,3837 713,3832 713,3831 689,3831 688,3830 672,3830 671,3829 631,3829 630,3829 630,3828 630,3827 626,3827 625,3826 594,3826 592,3824 590,3824 589,3823 301,3823 299,3825 299,3826 297,3828 294,3828 292,3830 282,3830 280,3829 280,3820 280,3819 224,3819 222,3818 222,3816 221,3815 221,3757 220,3755 219,3755 217,3754 217,3749 217,3748 206,3748 205,3748 205,3738 206,3737 211,3737 212,3738 242,3738 243,3739 331,3739 332,3740 388,3740 388,3741 388,3743 389,3743 437,3743 438,3744 440,3744 442,3746 443,3746 444,3747 446,3747 447,3749 447,3750 448,3751 448,3754 449,3755 449,3756 450,3756 480,3756 483,3760 483,3761 485,3763 485,3784 486,3784 676,3784 678,3787 678,3788 680,3789 986,3789 987,3788 989,3788 990,3789 992,3789 992,3790 992,3791 993,3791 994,3791 994,3792 994,3824 995,3824 999,3824 1000,3825 1001,3825 1002,3826 1003,3826 1003,3827 1003,3829 1004,3830 1004,3832 1003,3833 1003,3835 1003,3835 1002,3835 1001,3836 1000,3836 999,3837 955,3837 954,3838 954,3846 953,3847 953,3848 953,3848"/><TextEquiv index="1"><Unicode>iaicr. Sals, usu. in pl.</Unicode></TextEquiv></TextLine></TextRegion></Page></PcGts>