2065 3894
50 17 2040 84 a scale (to weigh). Lanx cis, fem. — A pair of scales, lbra. — The
116 83 2041 146 scale of a fish, or serpent, squāma.—I do not find in other writers that
113 149 2037 213 the battle was on anythimg like such a large scale. Apud alios nequa-
112 212 1188 277 quam tantam molem pugnæ inveni. Liv.
44 276 901 338 liks scales. Squāmātim. Plin.
46 340 885 406 a scallop. Pectuncŭlus. Plin.
45 405 482 466 a scalp. Calva.
45 469 1482 534 scaly. Squāmeus, squāmōsus, 'squāmĭger -ĕra -erum.
45 535 906 596 scammony. Scammōnia. Plin.
43 599 864 661 a scamp. Nĕbŭlo —ōnis, masc.
44 662 1041 727 to scamper. Curo, 3; (away,) fŭgio.
42 727 896 789 to scan. Scrūtor, 1; perscrutor.
42 790 2034 856 scandal, i. e. offence. Offensio; i. e. evil report, q. v., mălĕdietum, prŏbrum,
107 855 755 917 usu. in pl.—See calumny.
41 917 1182 976 to scandalise. Offendo, 3.—See to offend.
41 981 2028 1049 scandalous, i. e. shameful. Turpis, prŏbrōsus; i. s. fond of apeaking ill,
108 1047 858 1107 mălĕdĭcus, comp. entior, &c.
40 1109 704 1173 scandalously. Turpĭter.
38 1174 910 1240 scantily. Parce, părum, exigue.
38 1239 726 1301 scanty. Parcus, exĭguus.
40 1302 640 1353 scantiness. Brĕvĭtas.
38 1365 2029 1431 a scar. Cĭcātrix —īcis, fem.—Then he began to exhibit his back, scared
110 1430 2031 1501 with the traces of recent scourgings. Inde ostentare tergum fœdum re-
106 1496 986 1557 centibus vestigiis verberum. Liv.
40 1560 1070 1624 scarce. Rārus.—Very scarce, perrarus.
40 1624 619 1686 scarcely. Vix, ægre.
38 1677 2030 1753 searcity (of anything). Inŏpia, defectus, 4; rarĭtas (Plin.).—The scarcity,
102 1751 2027 1816 annōna (prop. the high price of corn arising from a scarcity).—Tt.e in-
104 1816 2027 1883 credible scarcity of public money. Incredibiles angusti pecusiæ publicæ.
36 1946 1116 2008 to scare. Terreo, 2; absterreo, dēterreo.
32 2009 525 2062 a scarf. Pallium.
32 2073 951 2125 scarification. Scărĭfĭcatio. Plin.
33 2138 798 2198 to scarify. Scarifico. Plin.
31 2203 667 2259 scarlet, subet. Coccum.
30 2227 2025 2328 scarlet, adj. Coccĭneus (Plin.), coccĭnus (Jav.).—Clad in scarlet, coccĭnatus.
29 2395 875 2457 scatheless. Incŏlŭmis, illæsus.
28 2459 2028 2524 to scatter (trans.). Spargo, 3; dispergo, dissĭpo, 1; (enemies) fndo, 3;
100 2524 350 2589 prŏfundo.
27 2585 1318 2651 to scatter (intrans.). Dīgrĕdior, 3; distrahor, 3
28 2652 1212 2717 a seene. Scēna; i. e. spectacle, spectācŭlum.
27 2716 748 2778 scenic, scenical. Scēnĭcus.
27 2770 414 2833 scent. Odor.
25 2843 2021 2907 to scent, i. e. smell out.—Olfăcio, 3; ŏdōror, 1; i. e. to tint with a amell,
96 2910 721 2967 ŏdōro; inodoro, 1. Col.
23 2965 1102 3036 scented, i. e. fragrant. Odōrus, frāgrans.
23 3037 1063 3101 scepticism. Dŭbĭtatio.—See te doubt.
24 3103 627 3165 a sceptre. Sceptrum.
23 3165 921 3233 coptred. Sceptrĭier ĕra ĕrum.
23 3230 623 3286 a schedule. Tăbŭlæ.
24 3294 1133 3360 a scheme. Rătio, consĭlium, prōpŏsĭtum.
24 3359 1569 3424 to scheme. Excōgĭto, 1; commĭniscor, 3.—See to contrive.
24 3425 562 3481 a schism. Dīvĭsio.
22 3488 2020 3553 a scholar, or pupil. Discĭpŭlus, fem., discipula, audītor, ălumnus; i e. a
94 3553 2017 3615 learned man, littĕrātus, doctus, ērŭdītus —To be a scholar of, audio, 4.
91 3617 2014 3681 —Having been now for a year a scholar of Cratippus. Annum jam
93 3683 758 3744 audiens Cratippum. Cic.
19 3745 901 3806 acholarship. Doctrĭna, ērŭdĭtio.
19 3809 860 3872 scholarlike. Doctus, ērŭdītus.
