1991 3845
18 19 912 79 scholastic. Schŏlastĭcus. Quint.
17 74 1954 143 a school. Lūdus, schŏla.—The school (or sect) of Plato. Disciplim
84 142 1954 207 Platonica. Cic.—Every school and every sect of philosophers will ey
83 207 1954 273 out that all this belongs to them. Clamabunt omni gymnasia atque
85 272 1675 339 omnes philosophorum scholæ sua hæc esse omnia propria. Cic.
20 336 1267 397 to school. Dŏceo, 2; instĭtuo, 3.—See to teach.
21 396 657 463 a schoolboy. Ălumnus.
22 467 852 529 a schoolfellow. Condiscipulus.
21 527 1581 595 a schoolmaster. Lūdīmăgister —tri, magister.—See teacher.
24 596 843 645 sciatica. Ischias —ădis. Plin.
24 658 1182 709 afflicted with sciatica. Ischiadicus. lin.
24 724 765 786 science. Scientia, doctrīna.
24 788 521 837 scientific. Doctus
22 850 927 913 most scientifically. Scientissime.
23 908 873 976 a scimitar. Ăcīnăces -is, masc.
24 980 742 1040 to scintillate. Scintillo, 1.
24 1043 1141 1104 scintillation. Scintilla, scintillatio. Plin.
23 1108 1219 1175 a scion. Surcŭlus, metaph., i. e., son, fĭlius.
21 1171 1207 1232 a pair of scissors. Forfex —ĭcis, masc. Col.
24 1236 685 1300 scofng. Irrīsio, derisio.
24 1300 873 1361 to scoff at. Irrideo, 2; dērideo.
23 1365 714 1424 a scoffer. Irrĭsor, derisor.
23 1430 901 1493 to scold. Objurgo, 1; incrĕpo, 1.
23 1493 575 1555 scolder. Objurgator.
22 1557 612 1619 scolding. Objurgātio.
20 1620 1569 1686 a sconce. Castellum; i. e. a candlestick, lampas -ădis, fesm.
21 1683 1905 1746 to scoop out. Căvo, 1; excavo (Plin.); i. e. ladle out (water), haurio, 4.
21 1748 1957 1811 scope, i. e. room. Lŏcus.—The scope, or aim. q. v., fīnis, masc., rarely fim.
82 1809 1961 1881 —When thee is ample scope for eloquence to move freely in. Cum sit
84 1877 1303 1940 campus in quo exsultare possit oratio. Cic.
21 1941 908 2004 to scorch. Uro, 3; aduro, toreo.
21 2002 1962 2067 a score, i. e. an account, or reason. Rătio.—Although I am vexed at
85 2069 1963 2135 being suspected by you on the score of negligence. Quanquam me no-
83 2132 1335 2198 mine negligentiæ suspectum tibi esse doleo. Cic.
22 2199 990 2260 to score, or mark. Nŏto, 1; signo 1.
22 2260 1862 2325 scorn. Contemptio, contemptus, 4.—A rejecting with scorn, aspermatio.
22 2325 1968 2389 to scorn. Temno, 3; more usu. contemno, sperno, 3.—So as to reject, ts-
84 2391 323 2453 pernor, 1.
21 2453 948 2517 a scorner. Contemptor, fem. —trix.
20 2518 1000 2578 scornful. Fastīdiōsus.—See arrogant.
19 2581 958 2647 scornfully. Contemptim, fastīdiōse.
20 2644 1247 2710 a scorpion. Scorpios -i, masc.; scorpio. Plin.
20 2708 862 2770 a scoundrel. Perdĭtus, furcĭfer.
21 2773 1288 2836 Scotch. Călēdŏnius (Lucan.), Scōtus. Claudian.
20 2837 761 2887 Scotland. Caledonia. Tac.
20 2900 1957 2986 to scour, i. e. clean. Purgo, 1; dētergeo, 2; or detergo, 3; i. e. to go ove
84 2966 836 3027 ŏbeo, 4; lustro, 1; pĕrerro, 1.
20 3023 1968 3094 a scourge. Flăgellum, verber ĕris, set.; virga, usu. in pl.; metaph,
83 3091 494 3155 pestis, pernĭcies.
20 3156 1901 3220 to scourge. Verbĕro, 1; cædo, 3; mulco, 1; usu. in pass. part. mulcatum.
20 3220 1219 3283 scourging. Verbĕratio, verbĕra —um, pl. neut.
21 3286 581 3347 a scout. Explōrātor.
22 3350 814 3411 to go as a scout. Explōro, 1.
21 3412 1254 3475 to scout, i. e. reject with disdain. Aspernor, 1.
22 3472 506 3523 scowl.—Ses frown.
25 3537 825 3590 scraggy. Măcĭlentus. Plaut.
24 3594 969 3666 to scramble for. Dīrĭpio, 3. Suet.
24 3657 1439 3725 a scrap. Fragmentum, *fragmen —ĭnis, neut.; frustum.
33 3713 1961 3796 pe. Rado, 3.—To scrape together, collĭgo, 3.—To scrape of,
87 3771 271 3822 ābrādo.
