2015 3831
17 17 1186 86 ahaggy. Hirsūtus, villōsus, sētosus, *hirtus.
19 84 1987 151 to shake, tas. Quătio, 3; concŭtio, *quasso, 1; *trĕmĕfăcio, 3.—To
84 147 1544 215 shake (a person's opinion), lăbĕfacto, 1.—See to brandish.
17 212 1357 277 to shake, iatraas. Trĕmo, 3; intremo, contrĕmisco.
17 275 1990 350 a shaking (the act). Quassatio, concussio (Plin.); concussus (Plin.); (the
82 341 542 402 condition) trĕmor.
18 404 1004 469 a shallop. Phăsēlus, fem.—See boat.
17 468 776 531 shaky. Dēbĭiis.—See weak.
19 532 568 586 a shallow. Vădum.
18 596 1118 664 shallow, adj. Vădōsus; i. e. silly, ĭnānis.
19 653 973 719 shallowness, i. e. silliness. Inanĭtas.
18 724 593 788 sham. Fictus, falsus.
19 789 951 854 to sham. Fingo, 3.—See to picture
20 853 1660 921 a sham, i. e. a false appearance. Spĕcies, 'fictum.—See deceit.
20 981 1004 1047 to shame, it shames. Pŭdet, impers.
21 1046 1988 1117 shame, i. e. the feeling of shame from any canse. Pŭdor; (from modesty)
84 1112 1988 1174 vĕrēcundia; i. e. disgrace, dēdĕcus —ŏris, et.; infāmia; i. e. a shameful
82 1175 763 1240 action, prŏbrum, turpitudo.
19 1303 1991 1374 shameful. Turpis, prŏbrōsus, infamis (oftener of persons than of actions);
82 1367 828 1434 (of actions) fœdus, pŭdendus.
19 1431 743 1494 shamefulness. Turpĭtūdo.
21 1494 789 1560 shamefully. Turpĭter, fœde.
21 1558 1001 1624 shameless. Impŭdens, invĕrēcundus.
21 1624 742 1689 shamelessly. Impŭdenter.
23 1688 799 1754 shamelesness. Impŭdentia.
22 1752 636 1815 shank, i, e leg. Tībis.
23 1815 964 1883 shape. Forma, fĭgūra, conformātio.
23 1881 1300 1945 to shape. Fingo, 3; effingo, formo, 1; conformo.
24 1943 1035 2012 shapeless. Informis, rŭdis, indĭgestus.
25 2000 930 2071 shapely. Elĕgans.—See beautiful.
26 2070 1990 2140 a portio; a ploughshare, vomer or vomis -ĕris,
27 2201 1991 2267 to share. Partĭcĭpo, 1; commūnĭco, 1; consŏcio, 1; i. e. to give a share to,
93 2266 1989 2330 partior, 4; impertio and impertior; dispertio and dispertior.—See to dis-
27 2391 1072 2460 a sharing. Partĭcĭpātio, commūnĭcātio.
28 2458 1014 2524 a sharer. Partĭceps -ĭpis, masc. fem.
28 2521 1924 2589 sharp, in every sense. Ăcūtus; of pain or taste, ācer cris cre, ăcerbus.
28 2588 1143 2649 to sharpen. Ăcuo, 3; exacuo, prōcūdo, 3.
28 2651 892 2713 a sharper. Vĕtĕrstor, fraudātor.
28 2708 1703 2780 sharply. Ăcūte; to reprove, &c., ăcerbe, ăcrĭter.—See severely.
29 2771 1989 2849 sharpness, in every sense. Ăcūmen —ĭnis, seut.—A sharp edge or point,
95 2842 1743 2908 ăcies; of reproof, &c., or of taste, ăcerbĭtas, aspĕrĭtas, ācrĭmōnis.
27 2908 1991 2973 to shatter. Frango, 3; perfringo, effringo; enemies, fundo, 3; prōflīgo, 1;
95 2976 349 3038 dissĭpo, 1.
28 3032 1991 3103 to shave. Tondeo (lit. and metaph.), rado, 3 (metaph.); keep close to,
94 3106 348 3167 stringo, 3.
26 3144 533 3218 a shaver. Tonsor.
25 3296 544 3348 she. Illa.—See he.
24 3361 593 3426 a sheaf. Mănĭpŭlus.
25 3421 1042 3485 to shear. Tondeo, 2; dētondeo. Col.
25 3485 923 3548 shears. Forfex ĭcis, masc. Col.
23 3554 541 3616 a sheath. Vagĭna.
23 3616 864 3679 to sheath. Condo, 3; rĕcondo.
24 3682 685 3746 a shed. Pergŭla. Plin.
23 3739 1991 3807 to shed. Fundo, 3; effundo, prŏfundo.—To shed around, circumfundo.—
