2048 3888
17 18 1937 84 to side with. Adsum, adsto, 1; făveo, 2 (see to favour); v. suprd, side.
19 77 646 137 a sideboard. Abăcus.
23 147 577 210 idereal. Sīdĕreus.
24 208 726 276 sidewise, adj. Oblīquus
26 274 1034 339 idewise, adv. Oblique, *transversa.
27 338 2023 405 siege. Obsĭdio, obsessio, obsĭdium (Tac.), circumsessio.—He laid siege
110 404 2024 471 to their city. Urbem eorum obsidione clausit Nep. (see to besiege).—
109 468 2021 534 The Gauls raise the siege. Galli obsidionem relinquunt. Cæs.—See to
109 533 538 597 raise, to besiege.
32 595 910 658 of a siege. Obsĭdionalis. Plin.
34 661 552 712 a sieve. Crībrum.
36 724 581 785 to sift. Excŭtio, 3.
35 787 937 854 a sigh. Suspĭrium, suspīrātus, 4.
38 852 599 916 to sigh. Suspiro, 1.
42 893 2022 981 aight (the faculty, or the thing seen). Vīsus 4; aspectus, 4; conspectus.—
115 981 2020 1049 The thing seen, vīsum, spectācŭlum.—It sharpens the sight both of the
114 1046 2021 1110 eyes and the intellect. Exacuit ut oculorum sic ingenii aciem. Cic.—
117 1109 2019 1174 Whom you do not even know by sight. Quam tu ne de facie quidem nōsti.
116 1173 2022 1238 Cic.—Fabius led his army along the heights, so as neither to lose sight
98 1237 2018 1302 of him. Fabius per loca alta agmen ducebat, ut neque omitteret eum..
115 1303 225 1351 Liv.
53 1363 871 1427 sightless. Cæcus.—See blind.
53 1427 1869 1497 sightly. Spectābĭlis, spĕcĭōsus, pulcher -chrum.—See beautiful.
58 1492 2017 1558 a sign. Signum; i. e. indication, indĭcium, dŏcŭmentum; i. e. an omen, q. v.,
113 1558 2018 1624 omen, augŭrium; or nod, nutus, 4.—To be a sign of, signĭfĭco, 3; indico,
117 1621 1620 1714 1.—See to portend.—To make a sign to a person, innuo, 3.
52 1685 653 1748 to sign. Subscrībo, 3.
50 1749 2013 1815 a signal. Signum.—Catiline orders them to sound the signal for battle.
116 1813 2016 1881 Catilina signa canere jubet. Sall.—When the senate gives the signal
115 1877 1237 1942 for retreat. Receptui canente senatu. Cic.
49 1939 764 2009 signal. Insignis, ēgrĕgius.
49 2004 744 2069 to signalise. Insignio, 4.
48 2067 574 2132 signally. Egrĕgie.
49 2131 775 2199 signature. Chīrŏgrăphum.
47 2195 746 2262 signet. Signum, sĭgillum.
48 2259 566 2322 signilcancy. Vis.
47 2323 1418 2393 signiflcation. Sententia, sensus, 4; sīgnĭfĭcatio, vis.
49 2388 612 2453 signiflcant. Grăvis.
51 2452 2013 2521 to signify, i. e. mean. Signĭfĭco, 1; i. e. announce, dīco, 3; ēdīco, nuntio, 1;
117 2518 2008 2584 dēnuntio.—Things which do not signify. Quæ nihil attinent. Hor.
112 2582 2011 2650 —He did not come because it did not at all signify. Eâ re non venit
114 2646 737 2712 quia nihil attinuit. Cic.
51 2706 1975 2776 silence. Sĭlentium, rĕtĭcentia.—Silence, or a habit of silence, tăcĭturnitas.
51 2772 2009 2826 to silence. When Fabius had silenced the crowd. Fabius cum silentium
114 2838 2009 2905 fecisset. Liv.—His tongue was silenced by bribes. Lingua astricta
114 2904 587 2965 est mercede. Cic.
48 2965 2008 3033 to be silent. Tăceo, 2; contĭceo, retĭceo.—To be silent, or to be silent about,
116 3033 2009 3094 to bury in silence, sĭleo, 2.—And I do not think that even this should
109 3094 2007 3162 be buried in silence. Ac ne illud quidem silentio prætereundum puto.
112 3158 1531 3222 Cic., who also has, silentio transeo, silentio prætermitto.
45 3220 1467 3288 silent. Tăcĭtus, sĭlens. Habitually silent, tăcĭtumus.
43 3285 511 3347 silently. Tăcĭte.
43 3337 812 3402 siliceous. Sĭlĭceus. Varr
42 3414 1306 3481 silk. Bombyx -ycis, masc., a silk dress, sērĭcum.
40 3478 1225 3541 of silk, silken, sērĭcus, bombycĭnus. Juv.
40 3542 1083 3607 silkworm. Bombyx -ycis, masc. Plin.
39 3606 1020 3674 a sill (of a door). Lĭmen -ĭnis, neut.
38 3669 660 3736 sillily. Insulse, īnepte.
39 3733 1029 3800 silliness. Insulsitas, ĭneptiæ, pl. fem.
40 3796 684 3863 silly. Insulsus, ĭneptus.
