2015 3899
18 14 1762 100 silvan. Sylvester -tris —tre, -ὸ, sylvātĭcus. Plin.
18 98 527 166 silver. Argentum.
19 141 1990 244 silver, adj., of silver. Argentens.—Plated with silver, wearing arms inlaid
84 226 658 293 with silver, argentatus.
20 270 1825 353 a silver-mine. Argentĭfŏdīna (Plin.), argentārium metllum. Plia.
21 354 483 409 similar. Sĭmilis.
21 417 596 484 similarly. Sĭmĭĭtte.
23 478 945 549 similarity, similitude. Sĭmĭlĭtudo.
23 543 816 613 a simile. Collatio, similitudo.
24 608 873 675 to simmer, trans. Suffervĕfācio.
22 674 655 741 to simper. Subrīdeo, 2.
26 727 1576 806 simple. Simplex, ĭcis; i. e. only, singly, unus, gen. ūnĭus.
23 805 697 867 simples. Herbæ, pl. fem.
25 868 670 930 simplicity. Simplĭcĭtas.
25 929 1072 996 simply. Simplĭcĭter; i. e. only, tantum.
25 996 654 1045 simulation. Sĭmŭlstio.
25 1052 1359 1122 to simulate. Sĭmŭlo, 1; fingo, 3. —See to pretend.
26 1124 681 1185 simultaneously. Sĭmul.
25 1179 1148 1254 sin. Peccatum. delictum, scĕlus ĕris, ast.
26 1236 1991 1313 to sin. Pecco, 1; dēlinquo, 3.—He should mther aot have kept his
91 1302 1987 1381 promise than committed so foul a sin. Promissum potius non faciendum
93 1368 1986 1444 quam tam tetrum facinus admittendum fuit. Cic. He committed no sin.
93 1442 749 1499 Nihil sibi admisit. Suet.
29 1495 1986 1573 since (in such phrases a,, ' since this ie so''). Qum, quŏniam, qandŏ-
92 1560 1983 1635 quĭdem.—Since, of time (in such phrases as 'sinee I went''), ex quo.
91 1624 1922 1700 —Ever since you arrived in Asia. Ut primum Asiam attigisti. Cic.
27 1688 1984 1763 since, i. e. after, q. v., prep. Post; adv. postea, posthac.—I have been long
90 1753 1984 1827 since wishing to see Alexandria. Jampridem cupie Alexandriam visere.
90 1815 1981 1891 Cic.—When our state had not long since been delivered from kingly
88 1881 1866 1955 power. Nostrâ civitate non ita pridem dominatu regio liberatâ. Cic.
26 1942 1984 2018 sincere, i. e. frank. Sincērus, ăpertus, simplex -ĭcis; i. e. trusty, fĭdm,
89 2020 269 2073 fĭdelis.
26 2069 1984 2154 sincerely, i. e. frankly. Sincēre, aperte, simplĭcĭter; i. e. feithfully, fĭdēfĭer,
88 2154 191 2203 fide.
25 2201 1984 2279 sincerity, i. e. frankness. Simplĭcĭtas,
89 2279 229 2333 fĭdes.
24 2330 1985 2403 sinew. Nervus, ttŏri-orum, pl. masc.—To give him first of all de
87 2397 1985 2469 sinews of war, great supplies of money, which as yet he has not. Lægiri
86 2464 1634 2534 primum nervos belli pecuniam infinitam quâ nunc eget. Cic.
22 2535 787 2598 sinewy. Nervōsus, *tŏrōsus.
22 2597 858 2651 sinful. Scĕlestus.—See wicked.
24 2659 527 2727 sinfully. Scĕleste.
24 2716 1295 2793 sinfulness. Scĕlus -ĕris, set.—See wickedness.
23 2781 1980 2854 to sing. Căno, cĕcĭni, 3; concĭno, irr. 3; incino, canto1; decanto, 2ŏdălor;
89 2847 1644 2918 (over and over again) rĕcĭno; i. s. to celebrmte, q. v., cĕlĕbro.
23 2920 888 2985 to singe. Ambūro, 3; ustŭlo, 1.
24 2984 963 3049 a singer. Cantor, cantator. Mart.
23 3049 720 3116 inging, sbst. Cantus, 4.
23 3114 648 3181 singing, ad. Cănorus.
23 3166 1976 3242 single. Unus, gen. ūnĭus, ŭnĭcus; (in opp. to composite) simplex.—or
87 3232 1977 3306 one must often employ single feet, vey often two. Sæpe enim siagulis
86 3304 1238 3370 pedibus utendum est; plerumque binis. Cic.
22 3368 1272 3436 single-minded, single-hearted. Simplex ĭcis.
23 3435 913 3500 singleness of mind. Simplĭcitas.
23 3497 826 3563 singly. Sigillatim, singulatim.
24 3558 1036 3624 to single out. Elĭgo, 3.—See to elect.
25 3617 1970 3691 singular, i. e. excellent. Singŭlaris, ūnĭcus, ēgrĕgius; i. e. unusal, ĭnūsĭ-
89 3682 813 3747 tātus, insŏlĭtus, rārus, nŏvus.
26 3739 625 3807 singularity. Nŏvĭtas.
25 3802 1452 3882 singularly, in a singular manner. Singŭlārĭter, ūnĭce.
