2029 3859
19 18 649 78 solely. Sōlum, tantum.
19 79 1454 145 solemn. Sōlemnis; i. e. grave, dignified, grăvis, dignus.
24 145 716 206 to solemnise. Cĕlĕbro, 1.
19 210 758 258 solemnisation. Cĕlĕbratio.
19 272 1456 340 solemnity. Cærĭmōnia; i. e. dignity, dignĭtas, grăvĭtas.
19 333 2001 403 solemnly. Sōlemnĭter; i. e. in a dignified manner, grăvĭter, digne.—I
86 400 1869 463 swear solemnly, said he. Ex mei animi sententiâ, inquit, juro. Liv.
27 458 957 525 to solicit. Oro, 1.—See to entreat.
23 529 2000 593 solicitation. Prĕces -um, pl. fem.; in sing. defective; the abl. prece alone
87 595 839 658 being common.—See entreaty.
25 658 1189 717 solicitous. Sollĭcĭtus, anxius.—See anxious.
26 720 989 782 solicitously. Sollĭcĭte, anxie, ēnixe.
25 785 903 843 solicitude. Sollĭcitudo, anxiĕtas.
24 848 1999 908 solid. Sŏlĭdus.—And seats cut out of the solid rock. Vivoque sedelis
89 914 412 976 saxo. Virg.
26 976 1934 1039 to solidify, make solid. Sŏlĭdo, 1.—To become solid, sŏlĭdesco, 3. Vitr.
27 1040 556 1103 solidity. Sŏlĭdĭtas.
28 1105 631 1166 solidly. Sŏlĭde. Col.
28 1168 919 1225 solitariness, solitude. Solĭtūdo.
29 1232 1042 1299 solitary. Sōlus, sōlĭtārius.
28 1297 585 1348 solstice. Solstĭtium.
29 1360 776 1412 of the solstice. Solstĭtialis.
30 1426 619 1475 soluble. Dissŏlūbĭlis.
30 1487 1959 1555 to solve. Solvo, 1; dissolvo, rĕsolve, explĭco, 1; ēnōdo, 1.—See to explain.
31 1551 1779 1617 solution. Sŏlūtio, dissolutio; i. e. explanation, explĭcātio, ēnōdātio.
31 1607 503 1679 sombre. Opăcus.
32 1661 1995 1747 some, some one. Quĭdam, ălĭquis, quispiam (more rare, and rather more
95 1743 1991 1808 indefinite than aliquis), nonnulli, ălĭquot, indecl. (se any).—Of whom
96 1807 1990 1870 some thought with you, and some took some kind of middle course. Ex
97 1872 1997 1940 quibus partim tecum sentiebant; partim medium quendam cursum tenebant.
99 1935 1997 1999 Cic.—By some accident. Casu nescio quo. Cic.—Some strange torpor
95 1999 1671 2064 has come over you. Occupavit vos nescio quæ torpedo. Sall.
33 2063 2002 2128 somehow, somehow or other. Quōdammodo. — Somehow or other those
98 2127 2001 2193 very letters seem to cut me off from all refuge. Nescio quomodo ipsæ illæ
95 2192 2001 2258 litteræ excludere me a perfugio videntur. Cic.—Others have, somehow or
98 2256 1729 2319 other, become callous. Alii nescio quo pacto obduruerunt. Cic.
36 2311 2001 2385 somewhat, in some degree, to some extent. Ălĭquanto, ălĭquantum
101 2382 2006 2448 (meaning a considerable degree), dim. aliquantulum (meaning a aall
100 2452 299 2508 extent).
35 2511 1151 2573 sometime; i. e. formerly. Quondam, olim.
36 2566 1282 2638 sometimes. Ălĭquando, interdum, nonnunquam.
35 2639 772 2701 for sometime. Aliquamdiu.
37 2693 1477 2765 somewhere. Ălĭcŭbi; after a verb of motion to, aliquo.
40 2767 1239 2833 somniferous. Somnĭfer ĕraerum, sŏpōrĭfer.
40 2833 940 2896 somuolency. Somnus.—See sleep.
38 2894 2001 2959 son. Fīlius, dim. fīliŏlus, nātus. — Son-in-law, gĕner -ĕri. — Stepson,
104 2962 360 3026 prīvignus.
40 3021 1999 3088 song. Cantus, 4; carmen —ĭnis, set.; concentus, cantĭlēna, cĭnor,
107 3089 486 3147 2nŭmĕri, mŏdi.
40 3155 584 3216 a songster. Cantor.
40 3218 748 3277 sonorous. Sŏnōrus, clārus.
41 3282 555 3342 sonorously. Clare.
40 3344 2002 3409 soon. Mox, cĭtŏ, brĕvi. — As scon as, simul, ut primum.—As soon as
105 3411 1057 3474 possible, quam primum.—See quickly.
42 3451 1999 3536 sooner, in point of time. Prius, mātūrius, cĕlĕruis; i. e. rather, pŏtius.—
113 3533 859 3595 I would sooner... malo, irr.
46 3593 408 3654 soot. Fūlĭgo.
45 3652 1752 3748 to soothe. Mulceo, 2; permulceo, lenio, 4; delēnio... mītĭgo, 1.
46 3713 566 3771 soothing. Blandus.
48 3775 749 3845 soothingly. Blande.
