2027 3886
24 17 2000 84 a soothsayer. Hăruspex -ĭcis, masc.; auspex, augur —ŭris, masc.; păriŏlus.
25 86 910 146 to be a soothsayer. Hariolor, 1.
23 149 1055 212 soothsaying. Hăruspĭcium, augŭrium.
23 216 583 276 to sop. Immergo, 3.
19 271 1707 340 a sophim, sophistry. Captio, captiuncŭla, sŏphisma -ătis, aeut.
21 341 583 405 a sophist. Sŏphista.
23 403 851 467 sophistical. Captiōsus, fallax.
23 469 1143 533 soporific. Somnĭfer ĕra erum, sŏpōrĭfer.
22 529 2002 597 a sorcerer, sorceress. Magus, fem. maga, vĕnēficus, fem. vĕnēfĭca,
72 599 334 660 fem. sāga.
19 631 1616 723 sorcery. Vĕnēfĭcium, măgĭce. Plin. Magicæ artes. Virg.
21 723 1082 788 sordid. Sordĭdus; i. e. grasping, ăvārus.
20 786 712 848 sordidly. Sordĭde, ăvāre.
22 851 945 915 sordidness. Sordes, oftenest in pl.
22 917 707 977 a sore. Ulcus -ĕris, neut.
22 979 2004 1043 sore, adj. Pĕrustus (c. abl. of the cause); i. e. grievous, q. v., tristris,
90 1045 257 1106 grăvis.
22 1103 506 1167 sorely. Grăvĭter.
24 1174 490 1222 soreness. Dŏlor.
23 1229 1986 1300 to be sore. Uror, 3; pĕruror; i. e. vexed at, dŏleo, ægre fero, moleste
90 1300 199 1349 fero.
22 1363 539 1427 sorrel. Lăpăthum.
24 1426 714 1492 sorrel, adj. Spādix -ĭcis.
23 1489 1429 1554 sorrow. Dŏlor, tristĭtia, mœror, luctus, 4.—See grief.
24 1557 1391 1620 to sorrow. Dŏleo, 2; lūgeo, mœreo.—See to grieve.
24 1616 2001 1683 sorrowful, sorry. Tristis, mœstus; i. e. unwilling, invĭtus.—You will
90 1681 2000 1749 see if he is to be sent for, which I should be sorry for. Videbis si erit,
92 1750 873 1809 quod nolim, arcessendus. Cic.
26 1810 2010 1877 sort. Gĕnus -ĕris, neut., spĕcies.—He attacked him with every sort of
92 1877 1109 1940 abuse. Omnibus probris vexavit. Cic.
26 1941 578 2004 to sort. Dispōno, 3.
25 1998 627 2062 a sot, sottish. Ebrius.
24 2061 639 2118 sottishness. Ebriĕtas.
25 2131 1247 2197 sovereign, subst. Rex, rēgis, masc.—See king.
28 2195 1148 2263 sovereign, adj. Rēgius, rēgālis, rēgĭfĭcus.
25 2258 1603 2326 sovereignty. Regnum, impĕrium, dŏmĭnatus, 4; dominatio.
25 2323 401 2374 soul. Ănima.
24 2386 2002 2452 sound, subet. Sŏnus, sŏnĭtus, 4; *sŏnor.—Any loud sound, frăgor, *clamor;
95 2452 944 2515 of musical instruments, cantus, 4.
26 2514 2002 2581 sound, adj. Sānus, intĕger gr -grum; of sleep, altus; i. e. safe, tūtus,
96 2581 348 2631 incŏlŭmis.
27 2643 2002 2709 to sound, intrans. Sŏno, 1; rĕsono, insono, persono; loudly, strĕpo; as
95 2705 1999 2770 musical instruments do, căno, 3; concino.—To sound, i. e. make to sound.
96 2772 2001 2837 —To sound the light flute. Calamos inflare leves. Virg.—To
97 2836 1856 2900 sound the Thracian lyre. Threiciam digitis increpuisse lyram. Ov.
28 2895 1999 2964 to sound, take soundings. Contor, 1; i. e. try (a person's inclinations),
96 2964 863 3028 exploro, 1; tento, 1; pertento.
26 3026 1993 3093 soundly. Sāne; i. e. vehemently (to blame, &c.), vehementer; (of sleeping)
96 3094 361 3151 arcte, alte.
25 3154 867 3224 soundness. Sanĭtas, intĕgrĭtas.
25 3222 626 3286 soup. Jus, jūris, eut.
24 3276 1999 3350 sour, in taste or temper. Ăcerbus; (in taste) ācer, ācris, acre, ăcĭdus; (in
94 3349 781 3412 temper) diffĭcĭlis, mōrōsus.
22 3415 628 3475 to sour. Exăcerbo, 1.
23 3469 1200 3542 to be sour, turn sour. Ăcesco, 3; coacesco.
24 3541 979 3607 sourly. Ăcerbe; of temper, mōrōse.
17 3599 1998 3670 sourness of te or temper. Ăcerbĭtas; (of taste) ācrĭmōnia (Plin.), ăcer.
93 3669 873 3733 (Plin.); (of temper) mōrōsitas.
24 3735 615 3785 the south. Mĕrīdies.
24 3798 1549 3863 south, southern. Australis, austrīnus, mĕrīdiānus. Plin.
