2023 3932
20 19 1997 86 to spoil, i. e. plunder, q. v. Prædor, 1; spŏlio, 1; dīrĭpio, 3; i. e. injure,
83 85 1256 151 corrumpo, 3; vĭtio, 1; (a plan, &c.) ēverto, 3.
15 149 901 213 spoils. Spŏlium, exŭviæ, pl. fem.
21 208 1999 276 a spoiler. Prædator, dĭreptor, spŏliator; i. e. an injurer, corruptor, fe..—tiz.
19 279 461 339 a spoke. Rădius.
19 335 628 403 a spokesman. Orator.
20 405 833 470 spoliation. Spŏlistio, direptio.
20 472 626 534 a spondee. Spondæus.
19 535 550 598 a sponge. Spongia.
18 598 1001 689 sponsal. Connūbialis.—See marriage.
19 662 543 724 sponsion. Sponsio.
21 727 522 789 sponsor. Sponsor.
20 792 738 852 spontaneous. Vŏluntārius.
20 851 1995 918 spontaneously. Ultro, sponte; often sponte me, sponte sua.—The goats
84 917 1993 981 will spontaneously bring home their udders full of milk. Ipeæ lacte domum
83 980 1067 1048 referunt distenta capellæ ubera. Virg.
19 1046 999 1107 a spoon. Cochlear —āris, neut. Plin.
20 1108 1541 1175 sport. Ludus, lusus, 4.—Field sports, vēnātio, vēnātus, 4.
21 1172 1365 1235 to sport. Lūdo, 3; illudo; i. e. to hunt, venor, 1.'
22 1239 550 1300 sportive. Festĭvus.
22 1305 653 1363 a spertsman. Vēnātor.
20 1364 1912 1430 a spot, i. e. a place. Lŏcus, pl. loci and loca; i. e. a mark, măcŭla, nŏta.
21 1431 1100 1494 to spot. Măcŭlo, 1; commaculo, nŏto, 1.
22 1496 843 1555 spotless, Pūrus.—See innocent.
22 1560 778 1620 spotted. Vărius, măcŭlōsus.
22 1623 726 1685 spousal, &c.—See espousal.
20 1683 1982 1749 a spouse, whether husband (q. v.) or wife, q. v. Conjux -ŭgis, ssc., fem.
20 1750 503 1810 a spout. Cănalis.
21 1813 1502 1878 to spout up. Sălio, 4; prōsilio, exsilio, ēmĭco, 1; scăteo.
22 1878 787 1940 to sprain. Extorqueo. Sen.
23 1942 863 2005 to sprawl. Jăceo, 2; vŏlūto, 1.
23 2006 1412 2072 spray. Aspergo ĭnis, fem.; spūma, *sal, sălis, masc.
20 2070 1980 2136 to spread, trans. Spargo, 3; dispergo, 3; i. e. to extend, ertendo, 3; prō-
90 2134 1985 2198 fĕro.—To spread in, inspergo, 3; impōno, 3.—To spread, inrrns. (s a re-
89 2200 921 2262 port spreads), māno, 1; serpo, 3.
26 2264 888 2325 spread, i. e. extension. Prōlatio.
24 2327 920 2390 a sprig. Virgultum.—See branch.
30 2391 788 2454 sprightly. Hĭlăris, festivus.
25 2453 966 2519 sprightliness. Hĭlărĭtas, festīvĭtas.
25 2516 1988 2580 to spring, intrans., i. e. leap. Sălio, 4; exsulto, 1; i. e. to arise (of any-
90 2582 1986 2646 thing), ŏrior, 3, with infin., ŏrīri.—As effects from causes, nascor, 3; prŏ-
91 2647 1988 2709 fĭciscor, 3; i. e. begin to grow, ss plants, cresco; as fountains, scăteo.—
90 2709 1988 2775 To spring forth, forward, up, exsilio, prosilio.—To spring back, ĕsilio,
91 2776 273 2823 rĕsulto.
29 2836 872 2905 to spring game. &c. Excĭto, 1.
27 2902 822 2967 spring, i. e. a fountain. Fons.
25 2964 879 3028 a spring, i. e. a leap. Saltus, 4.
28 3029 973 3095 Spring, the season, Ver -ēris, net.
26 3094 861 3159 spring, adj., of spring. Vernus.
26 3157 791 3224 a springe. Lăqueus, pĕdĭca.
26 3220 773 3285 springy, of persons. Ăgĭlis
26 3286 1663 3353 to sprinkle. Spago, 3; conspergo, aspergo, inspergo, respergo.
26 3350 868 3415 sprinkling. Respersio, aspersio
27 3413 1092 3479 to sprout. Germĭno, 1.—See to flourish.
26 3478 825 3537 a sprout. Germen —ĭnis, eet.
27 3541 500 3597 spruce. Nĭtĭdus.
29 3605 552 3657 spruceness. Nĭtor.
30 3664 735 3725 a spur. Calcar —āris, net.
31 3724 1737 3799 to spur. Fŏdio, 3.—To spur on, stĭmŭlo, 1; excĭto, 1; hortor, 1.
37 3784 713 3851 spurge. Lăthĭris. Plin.
35 3847 681 3909 spurous. Falsus, fictus.
