2051 3881
19 18 529 82 stcically. Stoice.
18 86 467 135 a stole. Stŏla.
20 145 968 198 clad in a stole. Stŏlatus. Mart.
22 210 1175 273 stolid. Stŏlĭdus, hĕbes -ĕtis.—See stupid.
20 276 589 338 stolidity. Stultĭtia.
24 339 536 401 stolidly. Stŏlĭde.
24 404 642 455 stomach. Stŏmăchus.
24 462 1344 533 to stomach, i. e. endure, q. v. Fĕro, irr.; pătior.
28 528 2026 596 stone. Lăpis —ĭdis, masc.; dim. lăpillus; saxum.—A precious stone, gem-
100 594 2023 656 ma.—A millatone, mŏla.—For it is a vile thing, which one should leave
102 658 2024 725 no stone unturned to escape. Tetra enim res est, velis, ut ita dcam, remia-
106 721 2026 787 que fugienda. Cic.—No stone was left unturned. Armis et castris
108 789 646 838 tentata res est. Cic.
32 848 2024 915 to stone. Lapido, 1 (Suet.).—There was a ninedays' sacrifice because it
108 913 2025 981 had rained stones at Velia. Novendiale sacrum fuit quod Veliæ de cælo
107 979 642 1042 lapidaverat. Liv.
38 1033 1170 1107 a stoner, or thrower of stones. Lăpĭdator.
41 1106 653 1171 a stoning. Lăpĭdatio.
41 1172 887 1236 a stonecutter. Lapicĭda, masc.
41 1236 813 1299 a stonequarry. Lăpĭcĭdīna.
40 1298 1000 1362 stony. Lăpĭdōsus, lăpĭdeus, saxeus.
40 1329 1224 1426 to be stony, hard as stone. Lăpĭdesco, 3.
43 1426 609 1476 a stool. Subsellium.
43 1489 2024 1554 to stoop, trans. Inclīno, 1; intraas. inclinor.—As every one stooped to
110 1553 2027 1619 flattery. Cunctis in adulationem demissis. Tac.—I will not refuse to
113 1617 2025 1682 stoop to those more trifling objects. Ad minora illa me demittere non re-
111 1683 515 1742 cusabo. Quint.
42 1744 778 1807 stooping, subst. Inclinatio.
42 1808 673 1873 stooping, adj. Prōnus.
41 1874 2027 1939 to stop, trans. Sisto, 3; i. e. detain, tĕneo, 2; dētineo; i. e. hinder (q. v.),
113 1937 1344 2004 impĕdio, 4; ife. terminate, fĭnio, 4; præcīdo, 3.
42 2000 2025 2065 to stop, intrans. Sto, i; consisto, 3; subsisto; i e. remain in, măneo, per-
110 2064 2025 2128 maneo, moror, 1; commoror; i. e. desist (q. v.), cesso, 1; dēsisto, 3.—
112 2127 1543 2196 At last he stopped speaking. Conticuit tandem. Virg.
43 2191 1589 2258 a stop, stoppage, or delay. Cessātio, mŏra; i. e. end, fĭnis.
43 2254 2026 2323 a store or storehouse. Thēsaurus.—A storehouse, ăpŏthēca; —A great
116 2324 726 2386 store, cōpia, ăbundantia.
43 2371 1404 2452 to store up. Congĕro, 3; coacervo, 1; accumulo, 1.
44 2448 530 2499 a stork. Cĭcōnia.
46 2511 2030 2580 a storm Prŏcella, tempestas.—Of a town, oppugnātio; (if successful) ex-
115 2580 346 2642 pugnatio.
47 2637 2025 2707 to storm (a town), oppugno, 1; (successfully) expugno; i. e. be in a rage,
113 2706 560 2768 fŭro, 3; sævio, 4.
48 2769 1411 2834 a stormer. Oppugnator; (if successful) expugnator.
50 2835 623 2895 stormy. Prŏcellōsus.
50 2893 2018 2958 a story, i. e. tale. Fabŭla, fabella; i. e. history, historia; i. e. narrative,
117 2963 893 3025 narrātio; i. e. lie, mendacium.
50 3022 1225 3088 a story of a house. Tăbŭlātum, contignătio.
52 3089 835 3152 famous in story. Fabŭlōsus.
53 3149 1436 3216 a story-teller. Fabŭlator (Suet.); i. e. liar, mendax.
54 3213 1604 3278 stout. Rŏbustus, văllĭdus; i. e. courageous, fortis, strēnuus.
55 3281 539 3343 stoutly. Strēnue.
52 3338 1621 3407 stoutness. Rōbur, ŏris neut.—Of an assertion, vehementia.
54 3411 562 3461 a stove. Cămĭnus.
54 3476 551 3534 to stow. Pōno, 3.
55 3536 840 3599 to straddle. Vārĭco. Quint.
55 3600 890 3665 to straggle. Erro, 1; palor, 1.
56 3665 739 3730 straggling. Errabundus.
56 3729 774 3790 straight. Rectus, dīrectus.
55 3788 1537 3858 straight, adv., staightly. Recte, recta, dīrecte, directo.
