2184 3963
58 18 2026 83 to substitute. Substĭtuo, 3; suppōno, 3; suffĭcio, 3; usu. c. in and acc.—
128 85 2024 147 (As he began to substitute Roman citizens for them. In eorum locum
123 147 1683 211 substituere et supponere cœpit cives Romanos.) Submuto, 1.
59 211 703 262 a substitute. Vĭcārius.
61 276 970 339 substitution. Suppŏsĭtio. Plaut.
60 339 781 403 subterfuge. Divertĭcŭlum.
61 403 845 455 subterranean. Subterrāneus.
61 464 1963 533 subtle. Subtĭlis; i. e. cunning, q. v., callĭdus, văfer -fra, dŏlōsus. astūtus.
61 529 1758 597 subtlely. Subīlĭter; i. e. cunningly, callĭde, văfre, dŏlōse, astute.
61 594 1441 658 subtlety. Subtĭlĭtas; i. e. cunning, calliditas, astūtia.
62 659 1157 720 to subtilize. Tĕnuo, 1; attenuo, extenuo.
62 723 1004 786 to subtract. Subtraho, 3; abstraho.
64 780 645 837 subversion. Ēversio.
63 844 935 911 to subvert. Everto, 3; subverto.
63 908 670 964 a subverter. Eversor.
65 980 681 1029 a suburb. Sŭburbium.
67 1043 717 1093 suburban. Sŭburbānus.
68 1107 738 1157 succedaneous. Vĭcarius.
65 1169 2020 1235 to succeed, i. e. prosper. Succēdo, 3; prōcedo often bene procedo, pulchre
128 1234 2024 1301 procedo, prospere procedo (all in Cic.).—Cassius pursued the enemy
130 1299 2022 1362 with great success. Cassius hostes insecutus rem bene gessit.—I suc-
129 1362 2025 1432 ceeded in cutting off from that audacious criminal all hopes of corrupting
132 1426 2023 1490 the tribunal. Id sum assecutus ut reo audaci spem corrumpendi judicii
131 1491 2026 1555 præciderem.—They will never succeed (by entreaty) in obtaining that
132 1556 2025 1619 exception from me. A me istam exceptionem nunquam impetrabunt.
132 1618 2028 1684 Cic.—That they might impute everything which did not succeed to his
134 1682 1873 1747 fault. Ut omnia minus prospere gesta ejus culpæ tribuerent. Nep.
69 1746 2029 1808 to succeed, as a successor (to a person). Succēdo, 3.—To an inheritance,
134 1807 1059 1874 excĭpio, 3; cerno, 3 (the legal term).
69 1872 2030 1935 success. Successus.—Succes in war, if we employ our success well, will
135 1937 2029 2003 give us a more advantageous peace. Res bello bene gestæ, si volumus
134 2001 1379 2065 fortunâ uti, pacem nobis æquiorem dabunt. Liv.
70 2064 2030 2129 succesful (of a person or action). Fēlix, fortūnātus.—Of an attempt, or
135 2133 768 2193 result, faustus, prosperus.
68 2190 1503 2258 successfully. Felīcĭter, bĕnĕ, prospĕre, fauste, pulchre.
69 2255 2034 2317 succession. Successio; i. e. series, sĕries, contĭnuātio, consĕquentia.—
137 2319 2032 2385 Who have taken away our annual magistrates, our succession of rulers, the
133 2383 2033 2476 lafeguard of our equal freedom. Qui annuos magistratus, qui vicissi-
205 2447 2033 2512 imperitandi, quod unum exæquandæ sit libertatis sustulerint.
138 2487 2032 2576 When fear and anger in succession had changed their opinions.
135 2574 2036 2638 Cum timor atque ira invicem sententias variâssent. Liv.—So, per vices
17 2641 827 2715 (Tac.), vicibus factis. Ov.
43 2704 707 2757 successive. Contĭnuus.
71 2765 1635 2831 successively. Contĭnenter, vĭcissim.—See above, succession.
70 2833 703 2886 a successor. Successor.
71 2897 854 2949 succinct. Brĕvis.—See short.
69 2960 655 3023 succinctly. Brĕvĭter.
70 3020 1167 3086 succory. Cĭchŏrēum, intybum, usu. in pl.
69 3084 2033 3150 succour. Auxĭlium, gen. ŏpis, opem, ope (only found in these cases).—Mili-
137 3150 2035 3216 tary succour (but used also generally), subsĭdium.—News wus brought
135 3213 2032 3280 that great reinforcements of cavalry were coming to succour the townspeople.
137 3277 1921 3343 Nuntiabatur auxilia magna equitatus oppidanis suppetias venire. Cic.
69 3341 2036 3407 to succour. Succurro, 3; subvenio, 4; ŏpitŭlor, 1; auxĭlior, 1.—See to
138 3412 257 3474 help.
69 3471 914 3524 a succourer. Auxĭliator. Tac.
18 3535 809 3590 succulent. Succōsus. Col.
72 3599 1020 3660 to succumb. Succumbo, 3; cēdo, 3.
70 3661 2059 3729 such. Talis, i. e. so great, tantus; of such a kind, ejusmodi.—There is.
138 3726 2035 3792 also such a disposition in me, that I not only will submit to no one's bol
139 3791 1988 3856 ness. Est etiam in nobis is animus t non modo nullius audaciæ cedôôūă#
