2062 3886
55 18 1389 83 to tarry. Mŏror, 1; rĕmoror, dēmoror, cunctor, 1.
55 83 1896 147 tart, i. e. sharp-tasted, or, metaph. sharp. Acer -cris cre—See sour.
53 147 1118 210 tartarean. Tartăreus, stygius, infernus.
54 206 499 274 tartly. Ăcrĭter.
52 267 1082 338 tartness, lit. and metaph. Ăcrĭmōnia.
51 342 523 391 a task. Pensum.
48 405 1665 469 to task.—Task her voice to sing. Exige quod cantet. Ov.
48 470 822 533 to taste. Gusto, 1; dēgusto.
48 533 2034 601 taste (either the act or the flavour). Gustus, 4; i. e. flavour, săpor; i. e. judg-
113 597 2038 665 ment, jūdĭcium.—Nothing could be in better taste. Nihil esse potuit
114 663 500 712 festivius. Cic.
44 729 759 790 tatter. Pannus.—See rag.
45 793 613 854 to tattle. Garrio, 4.
45 856 595 920 tattling. Garrŭlus.
42 917 884 982 a love of tattling. Garrŭlĭtas.
41 987 714 1049 to tattoo. Compungo, 3.
41 1046 1057 1110 to taunt. Illūdo, 3.—See to reproach.
42 1115 630 1164 a taunt. Lūdĭbrium.
39 1178 1072 1243 a tavern. Caupōna, pŏpĭna.—See inn.
40 1242 1081 1332 a tavernkeeper. Caupo -ōnis, masc.
42 1310 498 1370 tawny. Fuivus.
41 1370 1051 1434 a tax. Trĭbūtum, vectĭgal —ālis, neut.
39 1432 2037 1505 to tax. Censeo, 2.—You taxed the miserable and ruined citizens of
109 1497 2008 1567 Imachara. Imacharenses tributum ferre miseros et perditos coegisti.—
106 1562 2029 1630 To tax the states intolerably. Intolerabilia tributa exigere a civitatibus
107 1628 2028 1696 (Cic.). So, tributum imponere, c. in and acc.; tributum imperare, c. dat.
100 1691 2028 1760 —He taxes me with having been at Baiæ. Objicit mihi me ad Baias
108 1758 431 1807 fuisse. Cic.
38 1822 730 1883 taxed, taxable. Census.
35 1888 624 1946 taxation. Census, 4.
31 1948 2020 2015 to teach. Dŏceo, 2; ēdoceo; these two c. gem. acc.; ērŭdio, 4, c. abl.
97 2011 2020 2078 of the lesson, or c. in and abl.; præcĭpio, c. acc. of the lesson, dat.
95 2076 2019 2147 pers.; or c. dat. pers., and de c. abl of the lesson; instituo, 3; c. ut or c.
96 2141 974 2206 ne ( not to do so and so), or c. ad.
27 2209 577 2263 teachable. Dŏcĭlis.
26 2268 1206 2334 a teacher. Doctor, præceptor, măgister —tri.
27 2330 597 2400 teaching. Erŭdtio.
25 2399 816 2463 a teal. Querquēdŭla. Varr.
25 2468 501 2530 a team. Jŭgum.
22 2533 523 2593 a tear. Lăcryma.
22 2591 2009 2658 to tear. Lăcĕro, 1; lănio, 1; clothes, &c., scindo.—To tear to pieces, dilacero,
92 2656 2008 2723 discerpo, 3.—I feared you would not be able to tear yourself from me.
91 2720 1145 2787 Timui ne a me distrahi non posses. Cic.
20 2786 858 2849 a tear, or tearing. Lăcĕrātio.
21 2846 1431 2915 tearful. Lăcrymabilis, lăcrĭmōsus, flebĭlis.—See sad.
22 2917 614 2980 tearfully. Flebĭlĭter.
22 2981 789 3043 to tease. Vexo, 1; ango, 3.
18 3041 1179 3106 a teat. Mamma, ūber ĕris, neut.; păpilla.
19 3108 683 3164 technical. Artĭfĭciōsus.
20 3174 714 3237 technically. Artĭfĭciōse.
21 3235 949 3299 tedious. Grăvis, mŏlestus, longus.
18 3305 576 3366 tediously. Mŏleste.
20 3369 644 3421 tedioumess. Tædium.
21 3427 1995 3496 to teem, i e. to be about to bring forth. Partŭrio, 4; i. e. to abound, q. v.,
90 3499 363 3559 ăbundo, 1.
22 3555 1991 3624 to tell, in every sense. Dico, 3; as news, nuntio, 1; dēnuntio; i. e. to
87 3621 1989 3688 relate, rĕfĕro, irr.; narro, 1; i. e. to celebrate, q. v.; mĕmŏro, 1; secrets,
88 3685 1987 3755 prōdo, 3; prōfĕro, irr.—To tell by letter, scribo, 3.—As you tell me
87 3748 1987 3815 in other letters. Quod mihi aliis litteris significas. Cic.—This
