2038 3968
83 17 2005 85 influence will tell with foreign nations. Hæc auctoritas apud extas
81 85 2004 151 nationes valitura est. Cic.—Fortune tells greatly on both aide.
84 151 1415 218 Magna vis est in fortunâ in utramque partem. Cic.
19 219 537 269 a teller. Narrator.
19 282 609 344 temerity. Tĕmĕrĭtas.
21 333 1131 410 temper, temperament. Ănĭmus, indŏles.
20 409 1022 472 to temper. Tempĕro, 1.—See to mix.
20 475 1032 537 temperance. Tempĕrantia, mŏdĕratio.
21 535 1520 602 temperate. Tempĕrans, tempĕrātus, mŏdĕrātus, mŏdĭcus.
23 601 1538 665 temperately. Temperanter, tempĕrate, mŏdĕrāte, modice.
24 663 1406 732 temperature. Tempĕries, tempĕrātio.—See weather.
25 730 957 794 tempering, (the act). Tempĕratio.
23 796 877 857 one who tempers. Tempĕrātor.
26 858 2015 924 a tempest. Tempestas, prŏcella; of wind, turbo -ĭnis, mac.; of rain, hyems
89 928 377 988 ĕmis, fem.
27 989 749 1052 tempestuous. Prŏcellosus.
27 1050 2009 1118 a temple. Templum, ædes, not in pl. in this sense; fānum, delūbrum.—The
95 1116 1391 1182 temples of the head, tempus -ŏris, net., usu. in pl.
29 1183 1009 1246 temporal, i. e. not sacred. Prŏ nus.
32 1247 985 1310 temporary. Brĕvis, fluxus, mobĭlis.
31 1310 2011 1375 to temporise.—I have not temporised in anything. Nihil est a me isr-
97 1375 803 1439 vitum temporis causâ. Cic.
33 1438 912 1501 to tempt. Tento, 1; sollĭcĭto, 1.
35 1504 1294 1566 temptation. Tentātio, 'tentamentum, illĕcĕbra.
34 1569 616 1629 a tempter. Tentātor.
36 1633 531 1691 ten. Dĕcem, dēni.
37 1696 552 1747 ten times. Dĕcies.
37 1759 499 1810 tenth. Dĕcĭmus.
38 1824 1029 1887 lasting ten years. Dĕcennis. Plin.
39 1889 1425 1953 tenable. Tenendus, quod teneri potest.—See to hold.
42 1953 556 2004 tenacious. Tĕnax.
42 2010 1783 2084 tenaciously. Tĕnacĭter; i. e. with tenacity of purpose, constanter.
44 2082 1252 2146 tenacity. Tĕnācĭtas; (of purpose) constantia.
47 2147 1290 2212 a tenant (of a house). Hăbĭtator, incŏla, masc.
50 2212 708 2274 to tend, trans. Curo, 1.
49 2275 1395 2340 to tend, intrans. Vergo, 3; specto, 1.—See to lead.
51 2338 1221 2400 tender. Tĕnerera erum, mollis, *tĕnellus.
53 2405 1074 2469 to tender, i. e. offer, q. v. Offĕro, irr.
54 2469 736 2530 tenderly. Tĕnĕre. Plin.
57 2532 1155 2591 tenderness. Teneritas, mollĭties, mollĭtia.
56 2596 1028 2661 to make tender. Mollio, 4; ēmollio.
57 2660 1080 2722 to be tender. Mollesco, 3; rĕmollesco.
59 2725 570 2775 a tendon. Nervus.
60 2789 634 2840 a tendril. Clavĭcŭla.
69 2855 591 2904 a tenet. Sententia.
61 2916 756 2982 tenfold. Dĕcemplex -ĭcis.
63 2983 698 3044 tenor. Sententia, tĕnor.
68 3048 1006 3109 tonse. Tempus -ŏris, neat. Quint.
63 3111 1998 3175 a tent. Tentōrium, tăbernācŭlum; in pl.. castra orum, pl. seut.—The gea
134 3173 1998 3239 ral's tent, prætorium.—So that a general has not much leisure left hm
133 3239 2000 3306 in his own tent. Ita ut non multum imperatori sub ipsis pellibus otii e
135 3304 536 3364 linquatur. ie.
76 3369 579 3463 tenuity. Tenits.
76 3435 481 3518 tenure. l
76 3493 386 3545 tepid. Te
77 3517 489 3611 tepiitt. .,
79 3584 743 3708 o be teia. o. ;
792 3630 1030 3720 . s.
82 3675 637 3766 ccr ti
591 3718 1239 3839 ion. Tgĭverror.
83 3761 281 3835 s
767 3816 2004 3878 s, lĭmes -ĭtis, masc.; fnis; i. e. s ant,
