2050 3959
22 16 2021 83 nomen —ĭnis, neut.; vŏcābŭlum.—To which he replied in these terms.
20 82 987 144 Ad quæ rescripsit his verbis. Cic.
24 147 837 209 to term. Vŏco, 1; appello, 1.
18 209 2014 271 to terminate, trans. Termĭno, 1; fĭnio, 4; claudo, 3. The battle is termi-
90 274 2021 339 nated by the arrival of the legions. Legionum adventu prælium dirimitur.
100 337 2023 402 Cæs. (dirimo meaning to terminate anything where the end is brought
94 402 2020 468 about by the separation of two parties).—[Saying] that the chief desire
91 467 2020 532 of Pompey was, that all differences should be terminated, and that both
95 533 2024 597 sides should lay down their arms. Pompeii summam esse voluntatem ut
93 596 1742 662 componeretur atque ab armis discederetur. Cæs.—See to finish.
26 661 1283 723 to terminate, intrans. Dēsĭno, 3.—See to end.
28 726 1170 790 termination. Fĭnis, exĭtus, 4; ēventus, 4.
29 794 557 842 terrene. Terrēnus.
27 856 661 906 terrestrial. Terrestris.
26 918 1670 982 terrible. Terrĭbĭlis, dīrus, formīdabĭlis, tĭmendus, mĕtuendus.
28 984 1607 1047 to terrify. Terreo, 2; conterreo, exterreo.—See to frighten.
27 1049 1430 1111 territory. Territōrium, fines -ium, pl.—See country.
30 1114 815 1177 terror. Terror, tĭmor, păvor.
32 1180 431 1228 terse. Brĕvis.
32 1242 610 1293 terseness. Brĕvĭtas.
33 1307 746 1357 tesselated. Vermicŭlatus.
33 1371 1210 1434 in a tesselated way. Vermiculate. Quint.
34 1439 1032 1498 a test. Dŏcŭmentum, expĕrīmentum.
33 1499 1292 1564 to test. Expĕrior, 4; prŏbo, 1; specto, 1.
33 1565 848 1615 testaceous. Testaceus. Plin.
34 1632 753 1680 testament. Testāmentum.
34 1694 890 1756 testamentary. Testamentārius.
33 1760 808 1809 a testator. Testator. Suet.
31 1822 976 1884 to testify. Testor, 1; testĭfĭcor, 1.
33 1886 503 1949 testily. Mōrōse.
36 1951 1419 2015 testimony, testimonial. Testĭmōnium, testĭfĭcātio.
36 2016 1168 2079 testy, tetchy. Mōrōsus, diffĭcĭlis, ăcerbus.
36 2080 864 2144 a tether. Compes -ĕdis, masc.
39 2144 1059 2208 to tether. Præpĕdio, 4.—See to bind.
35 2210 823 2270 a tetrarch. o Tĕtrarcha, masc.
38 2274 976 2336 tetter. Līchen -ēnis, masc. Plin.
35 2338 1295 2401 text, of a writing. Scriptum, textus, 4. Quint.
37 2401 523 2453 textile. Textĭlis.
38 2469 551 2517 texture. Textūra.
33 2528 2017 2597 than. Quam; (after haud secus) ac. After comparative adj., quam (than)
105 2596 2023 2662 is usually left out, and the noun following put in the abl.; but after
106 2660 2023 2725 minus, plus, amplius, and longius, even though quam is omitted, still the
107 2726 2021 2789 noun is often put in the same case as it would have been if it had been
106 2789 2020 2854 inserted, as—When he had been ill more than a year. Cum plus
105 2854 1538 2918 annum æger fuisset. Liv.—Ses Eton Lat. Gram. 46, b.
39 2917 2020 2982 to thank, thanks, thankfulness.—We all ought both to give you
106 2981 2022 3046 thanks, and to feel the greatest thankfulness to you. Maximas vobis
106 3047 2022 3111 gratias omnes et agere et habere debemus. Cic.—I thank yon, O su-
107 3110 1714 3176 preme Sun. Grates tibi ago summe Sol. Cic.—See gratitude.
38 3176 556 3227 thankful. Gratus.
35 3241 581 3303 thankfully. Grate.
38 3304 623 3369 thankless. Ingrātus.
39 3368 2021 3433 that, pron. Ille a -ud, gen. illĭus; iste -a -ud, gen. istĭus; is, ea, id, gen. ejus.
109 3435 2020 3501 Iste is more demonstrative than ille. Is points to something preceding.
108 3498 2017 3566 —But we are met by an objection, and that too proceeding from learned
108 3562 2022 3630 and accomplished men. Occurritur autem nobis et quidem a doctis et
110 3626 517 3694 eruditis. Cic.
35 3691 2026 3758 that, conj., i. e. in order that. Ut.—Denoting the fact that.... quod;
107 3756 2023 3823 as—He said that he marvelled that a soothsayer did not laugh when he
109 3820 2021 3887 saw another soothsayer. Mirari se aiebat quod non rideret haruspex
970 3891 1119 3935 2
