2059 3906
16 18 2036 83 to think, i. e. ponder. Cōgĭto, 1; mĕdĭtor, 1; consīdĕro, 1; i. e. to be of
106 86 2027 148 opinion, existĭmo, 1; arbĭtror, 1; pŭto, 1; censeo, 2; ŏpīnor, 1.—To esteem
105 147 2025 214 (a man of such and such a character), existĭmo, 1; dūco, 3; hăbeo, 2; (with
103 213 2033 276 such words as magni, quanti, &c.) făcio, 3.—And do not think more of
101 277 2025 343 your anger than of your character. Neu magis iræ vestræ quam famæ
103 341 2028 405 consulatis. Sall.—And [saying] that they did not know up to that
105 406 2026 470 time why they were thought enemies by the consul. Nec se ad id locorum
103 471 2024 534 scire propter quam causam consuli pro hostibus fuerint. Liv.—Of which
101 535 2026 599 matter I will write you word what I think. De quâ scribam ad te quod
104 600 476 649 sentiam. Cic.
21 663 1224 727 thinking. Cōgĭtātio, meditatio, consĭdĕratio.
20 727 749 790 thinly. Exĭliter, tĕnuĭter.
17 792 1669 856 thinness. Grăcĭlĭtas, tĕnuĭtas.—Of an assembly, infrĕquentia.
23 857 462 907 third. Tertius.
27 921 495 983 thirdly. Tertio.
24 985 410 1036 thirst. Sĭtis.
26 1050 566 1109 to thirst. Sĭtio, 4.
23 1114 2007 1180 thirsty. Arĭdus; i. e. desirous of (in such phrases as bloodthirsty), ăvĭdus.
25 1179 596 1230 thirteen. Trĕdĕcim.
25 1243 811 1295 thirteenth. Decimus tertius.
27 1307 658 1361 thirtieth. Trīcēsĭmus.
26 1372 1093 1437 thirty. Trīginta, indecl.; trīceni (Plin.).
25 1436 1469 1502 this. Hic, hicce (not poet., adding force to hic, Facc.).
30 1501 576 1553 a thistle. Carduus.
29 1565 960 1631 thither. Illuc, eo, isto (not poet.).
27 1630 520 1693 a thong. Lōrum.
28 1694 487 1757 a thorn. Spīna.
30 1758 547 1822 thorny. Spīnōsus.
29 1822 2017 1889 thorough.—Plancius is a thorough friend of ours. Plancius totus noste
96 1889 2019 1955 est. Cic.—A thorough and perfect general. Summus atque perfectus
99 1953 515 2016 imperator. Cic.
25 2015 1078 2082 thoroughly. Prorsus, pĕnĭtus, omnīno.
27 2081 635 2145 a thoroughfare. Via.
28 2145 328 2195 thou. Tu.
28 2207 954 2276 though. Quamvis.—See although.
26 2273 2019 2339 thought. Cōgĭtatio, mĕdĭtatio, consĭdĕrātio.— Anxious thought, cura, sol-
97 2338 2017 2405 lĭcĭtūdo; i. e. a thing thought of, a plan, consĭlium.—For there are
98 2402 2019 2467 philosophers, and have been before, who believed that the gods took no
97 2466 2018 2532 thought whatever of human affairs. Sunt enim philosophi et fuerunt qui
95 2533 2018 2598 omnino nullam habere censerent humanarum rerum procurationem Deos.
104 2596 2019 2661 Cic.— Others think that they do take thought for and provide for the
97 2660 2018 2723 life of men. Alii censent ab iisdem vitæ hominum consuli et provideri. Cic.
27 2722 834 2790 thoughtful. Grăvis, prūdens.
27 2788 738 2852 thoughtfully. Prūdenter.
28 2853 799 2917 thoughtfulness. Prūdentia.
28 2918 1440 2982 thoughtless. Inconsultus, inconsīdĕrātus, tĕmĕrarius.
27 2981 1699 3046 thoughtlessly. Inconsulte, inconsīdĕrate, tĕmĕre, imprūdenter.
31 3046 834 3109 thoughtlessness. Tĕmĕrĭtas.
28 3109 1390 3177 thousand. Mille, indecl. in sing., in pl. millia -ium.
28 3174 777 3228 a thousand times. Millies.
31 3239 726 3292 thousandth. Millesĭmus.
31 3302 980 3370 thraldom. Servĭtium.—See slavery.
33 3367 1958 3436 to thrash. Extĕro, 3 (Varr.); detĕro (Plin.); i. e. to beat, q. v. cædo, 3.
35 3431 736 3497 a thrashing floor. Ares.
32 3495 461 3549 thread. Fĭlum.
30 3559 1191 3627 to thread one's way through. Pĕnĕtro, 1.
28 3624 813 3688 threadbare. Trĭtus, dētritus.
35 3689 665 3754 threat. Mĭnæ, pl. fm.
33 3753 2053 3822 to threaten. Mĭnor, 1; mĭnĭtor, 1.—Matters threaten, are in a threatenin
100 3821 878 3881 state. Tument negotia. Cic.
