2060 3910
21 17 1257 81 to trick. Lūdo, 3; dēcĭpio, 3.—See to deceive.
19 83 1083 137 fond of tricks. Dŏlōsus.—See deceitful.
23 150 588 208 to trickle. Stillo, 1,
19 211 1580 274 a trident. Trĭdens —tis, masc.; *fuscĭna, cuspis —idis, fem.
19 278 674 331 triennial. *Triĕtēricus.
18 341 1262 402 a triennial festival. Triennia orum, pl. neut.
19 405 1165 471 to trifle. Dēsĭpio, 3; ĭneptio, 4; nūgor, 1.
19 474 551 535 a trifler. Nūgator.
20 532 1292 599 trifles. Nugæ.—Trifling, silly conduct, ĭneptiæ.
25 598 1262 664 trifling. Parvus, lĕvis; (of a permon) ĭneptus.
25 665 961 727 to trill. Mŏdŭlor, 1.—See to sing.
26 730 726 789 trim. Concinnus, nĭtĭdus.
24 790 2015 857 to trim. Compōno, 3; orno, 1; cōmo, 3 (prop. only of hair, but by Quint.
86 857 862 924 applied to polishing a speech).
27 924 974 986 trine, triple. Trĭplex -īcis, ternus.
27 988 612 1049 trinkets.—See jewels.
27 1051 974 1113 to trip. Labor, 3.—See to stumble.
25 1118 536 1181 a trip. Lapsus, 4.
27 1181 667 1244 tripartite. Trĭpartitus.
24 1242 931 1311 in tripartite division. Trĭpartito.
24 1312 480 1372 tripe. Omāsum.
24 1375 924 1438 a tripod. Trĭpus —ŏdis, masc.
28 1439 638 1505 trippingly. Făcĭlĭter.
25 1503 605 1554 a trireme. Trĭremis.
27 1567 921 1635 trisyllabic. Trĭsyllăbus. Quint.
27 1633 919 1695 trite. Vulgāris, nōtus, communis.
31 1698 1045 1758 to triturate. Tĕro, 4; attero, contero.
31 1762 1951 1825 triumph. Triumphus, ŏvatio (of a lesser kind); i. e. joy, q. v., exsultātio.
29 1825 1962 1890 to triumph. Triumpho, 1; ŏvo; i. e. to rejoice, q. v., exsulto, 1; gestio, 4.
32 1889 769 1957 triumphal. Triumphalis.
31 1947 1389 2016 triumvir. Triumvir —iri; in pl. also tresviri.
33 2019 818 2070 of a triumvir. Triumvĭralis.
31 2084 854 2139 triumvirate. Triumvĭratus, 4.
31 2145 2027 2214 trivial. Lĕvis, parvus.—Whose evidence would be thought utterly trivial.
101 2212 1432 2275 Cujus testimonium nullius momenti putaretur. Cic.
31 2278 574 2327 trochee. Trŏchæus.
28 2339 2028 2407 a troop; i. e. crowd, q. v. Grex, grĕgis, masc.; căterva.—A troop of cavalry,
29 2450 1594 2533 in a troop, i. e. crowd. Cătervatim.—Of cavalry, turmatim.
32 2524 1355 2599 a trooper, i. e. cavalry soldier. Ĕques —ĭtis, masc.
33 2601 562 2665 trophy. Trŏpæum.
35 2635 2020 2728 trouble, i. e. sorrow, q. v. Dŏlor; i. e. annoyance, mŏlestia; i. e. anxiety,
101 2726 2016 2794 q. v., cūra, sollĭcĭtūdo; i. e. labor, q. v., lăbor, ŏpus -ĕris, neut.; i. e. disorder,
102 2792 2033 2857 turbātio, perturbatio; i. e. disturbance, tiŭmultus; i. e. seditious disturbance,
104 2856 2033 2920 sēdĭtio.—I have trouble enough in healing the wounds which have been
108 2920 2033 2987 inflicted on the province. Satis habeo negotii in sanandis vulneribus quæ
110 2983 2033 3053 sunt imposita provinciæ. Cic.—It is no trouble to recover freedom.
110 3048 2036 3115 Nihil est negotii recuperare libertatem. Cic. — They despised it so that
113 3113 2036 3180 they did not even take the trouble to make any inquiry into so important
111 3176 2034 3242 a matter. Id illi usque eo despexerunt, ut ne quærere quidem de tantâ re
116 3247 566 3309 laborârint. Nep.
44 3304 2037 3372 to trouble, give trouble to. Turbo, 1; perturbo, conturbo, vexo, 1; sol-
113 3377 323 3433 licito, 1.
43 3440 646 3492 a troubler. Turbator.
42 3503 1217 3567 troublesome. Mŏlestus, grăvis, importūnus.
42 3568 1341 3632 in a troublesome manner. Mŏleste, importūne.
39 3633 763 3695 a trough. Cănalis, alveus.
41 3687 812 3761 I trow. Ŏpīnor.—See think.
40 3763 511 3813 a trowel. trulla.
42 3827 816 3887 a truant. Erro —ōnis, masc.
