2246 3878
251 18 2206 83 a truce. Induciæ.—A truce to your effeminate complaints. Desine
314 84 1007 144 mollium querelarum. Hor.
249 147 1320 211 to truck, i. e. change, q. v. Commūto, 1.
252 211 2211 275 to truckle.—His spirit was too high to truckle as men do on their trial.
319 276 2211 338 Major animus erat quam ut se submitteret in humanitatem causam dicen-
318 339 2040 403 tium (Liv.); so, submitto me, c. dat. of the person to whom. Liv.
254 405 1949 466 truculent. Fĕrus, immītis, trux, trŭcis; trŭcŭlentus.—See cruel.
251 470 1047 531 to trudge. Eo, 4; ambŭlo, 1.
253 532 2218 600 true, in every sense. Vērus; (of a story) vērĭdĭcus; i. e. real, genuine,
315 597 2215 661 germānus.—I feel very confident that he will be true to his duty.
320 663 1888 726 Magnopere confido illum fore in officio. Cic.—See to adhere.
251 727 606 787 truly. Vēre.
251 792 761 855 trumpery. Nūgæ.
252 855 850 918 trumpery, adj. Vĭlis.
254 919 1560 982 trumpet. Tŭba, buccĭna, lĭtuns, classicum, comu.
252 983 2221 1049 a trumpeter. Buccĭnātor (ued also metaph., as a trumpeter of a person’s
319 1048 1542 1112 praises), tŭbĭcen -īnis, masc.; lĭtĭcen, cornĭcen.
251 1106 1506 1177 to trumpet forth, i. e. proclaim, q. v. Ēdīco, 3.
255 1179 1568 1242 to trump up. Fingo, 3; confingo, commĭniscor.
254 1242 909 1306 a truncheon. Sceptrum.
253 1308 839 1368 to trundle. Volvo, 3.
252 1370 2218 1437 a trunk (of a tree). Truncus, stipes —ĭtis, masc.; of an elephant, prŏbeis
317 1435 1265 1502 —is or —ĭdis, fem.; a box, arca, cista.
255 1501 1013 1557 a truss, i. e. bundle. Fascis.
254 1564 1849 1627 trust. Fĭdes.—Trust placed in a person, confidence, fīdūcia.
252 1628 2212 1692 to trust, trust in. Crēdo, 3; fīdo, 3; confĭdo (c. dat. or c. abl.); i. e. en-
318 1694 1052 1752 trust to, crĕdo, 3; committo.
253 1760 949 1816 a trustee. Cūrător, tutor.
253 1821 1034 1883 trusteeship. Tūtēla, cūrātio.
248 1887 847 1947 trust money. Tutēla.
252 1949 761 2002 trustiness. Fĭdes.
254 2014 2210 2078 trusty, trustworthy. Fĭdēlis, fīdus.—Pythagoras and Plato most trust-
322 2080 2058 2143 worthy authors. Pythagoras et Plato locupletissimi auctores. Cic.
254 2144 1509 2204 truth. Verĭtas.—In truth, revera.—See indeed.
253 2209 732 2258 truthful. Verax.
255 2273 2214 2335 to try, i. e. endeavour. Cōnor, 1; ēnītor, 3; aggrĕdior, 3; i. e. endeavour,
321 2337 2214 2402 prove, tempt, tento, 1; expĕrior, 4; i. e. prove, pĕrĭclītor, 1 (fortune &c.);
322 2403 1001 2465 (as gold is tried) specto, 1.
253 2467 677 2516 a tub. Dōlium.
256 2530 1448 2592 a tube. Tŭbus, tŭbŭlus both in Plin.
254 2596 879 2656 Tuesday. Dies Martis.
255 2659 1234 2723 a tuft (of grass). Cespes ĭtis, masc.
253 2725 948 2787 to tug. Taho, 3; ăgo, 3.
253 2788 1256 2851 a tug (vessel). Actuaria navis. Liv.
254 2852 1030 2916 tuition. Discĭplīna, erŭdītio.
255 2916 1843 2976 to tumble, intrans. Cădo, 3; concedo, lābor, 3.—See to fall.
255 2981 2046 3044 to tumble, trans. Misceo, 2; permisceo, 2; turbo, 1; conturbo.
254 3046 1275 3106 a tumbler. Lūdius, lūdio -onis, masc.
252 3109 1956 3173 tumid. Tŭmĭdus, turgĭdus, inflatus (esp. of style).—See to swell.
254 3175 1043 3233 tumidness, tumour. Tŭmor.
252 3237 1700 3301 tumult. Tumultus, 4.—Seditious tumult, sēdĭtio.
255 3303 1926 3360 tumultuous. Tŭmultuōsus.—In a seditious manner, sēdĭtiōsus.
255 3366 1271 3428 tumultuously. Tumultuose, sēdĭtiōse.
255 3432 1164 3489 to raise a tumult. Tumultuor, 1.
254 3497 684 3545 a tun. Dōlium.
254 3559 1690 3622 tune. Mĕlos, neut., only som. and acc.; mŏdi, pl. masc.
216 3625 1188 3686 to tune. Mŏdŭlor, 1.—See to sing.
251 3686 816 3734 a tuner. Mŏdŭltor.
532 3747 2206 3821 Dulcis, *dulcĭsŏnus, cănōrus, argūtus, lĭquĭdus; (of a singer)
266 3805 494 3862 vōcālis.
