2085 3958
76 18 1064 83 unacceptable. Ingrātus, injucundus.
75 82 909 144 unaccompanied. Incŏmĭtātus.
73 147 815 209 unaccomplished. Infectus.
72 200 1287 277 unaccountable. Ĭnexplĭcābĭlis.—See strange.
72 272 2059 340 unaccustomed (of persons or things), insuetus, insŏlĭtus; (of things only)
135 343 721 405 ĭnūsĭtatus, intractatus.
78 405 973 469 unacknowledged. Dissĭmŭlātus.
71 467 2061 545 unacquainted (with a thing or person). Ignārus.—With an act, impĕrītus,
133 534 1444 599 rŭdis; (hardships, &c.), ĭnexpertus, c. dat. or c. ad.
68 597 2059 663 to be unacquainted with. Ignōro, 1; nescio, 4 (not of being acquainted
136 666 494 728 with persons).
69 718 1402 793 unadorned. Ĭnomātus, nūdus.—Of hair, incomtus.
68 794 1513 857 unadulterated. Pūrus, intĕger -gra -grum, sincerus.*
70 859 1141 916 unadvised. Inconsultus, inconsīdĕratus.
67 923 1133 991 unadvisedly. Inconsulto, inconsiderate.
65 988 933 1051 unaffected. Simplex -ĭcis, neut.
65 1053 1121 1116 unalloyed. Pūrus, intĕger -gra -grum.
67 1117 760 1180 unalluring. Injūcundus.
65 1180 1108 1246 unalterable. Immūtabĭlis, immūtātus.
63 1245 966 1310 unaimiable. Inămābĭlis, ŏdiōsus.
59 1309 1070 1375 nanimity. Consensus, 4; concordia.
60 1368 1377 1436 unanimous. Ūnănĭmus, *unanimis, concors -dis.
63 1438 949 1496 to be unanimous. Consentio, 4.
56 1502 2057 1568 unanimously, with unanimity. Unâ voce, uno ore, unâ mente, concor-
129 1570 566 1619 diter all in Cic.
59 1633 713 1682 unanswerable. Certus.
59 1696 1936 1762 unappeasable. Implăcabĭlis, ĭnexōrabĭlis, implăcătus.—See implacable.
58 1761 1073 1827 unappeasably. Implacabiliter. Tac.
55 1825 1047 1890 unapproachable. Inaccessus, invius.
60 1879 600 1939 unarmed. Ĭnermis.
53 1954 635 2005 unasked. Invŏcatus.
51 2019 1534 2083 unassisted, unaided. Sōlus, gen. solĭus.—See to assist.
50 2083 1083 2148 unattempted. Intentātus, ĭnexpertus.
54 2148 777 2200 unattended. Incŏmĭtatus.
48 2202 1389 2275 unavailable, unavailing. Ĭnutilis, irrĭtus, vānus.
46 2269 1691 2339 unavailably, unavailingly. Ĭnūtĭlĭter, frustra.—Ses in vain.
47 2331 637 2404 unavenged. Ĭnultus.
49 2396 995 2465 unavoidable. Ĭnēluctābĭlis, certus.
45 2471 2040 2536 unawares. Imprōviso, ĭnŏpĭnāto. — He fell upon them all unawares.
119 2536 2041 2600 Omnes impartos imprudentesque offendit. Nep. — They attack the
118 2600 2043 2666 enemy unawares. Imprudentes atque inopinantes hotes aggrediuntur
120 2662 1688 2729 (Cæs.). So, inscius, incautus.—See suddenly, unexpectedly.
41 2726 1350 2791 unawed. Interrĭtus, imperterritus.—See fearless.
40 2792 951 2852 to unbar. Rĕsĕro, 1; rĕclūdo, 3.
39 2856 737 2921 unbecoming. Indĕcōrus.
32 2921 759 2985 unbecomingly. Indĕcōre.
32 2985 970 3048 to unbind. Rĕlaxo, 1; rĕmitto, 3.
31 3048 872 3114 unbending. Rĭgĭdus, sĕvērus.
33 3113 1292 3181 unbewailed. Indeflētus, infletus, indēplōrātus.
30 3177 918 3245 unbiassed. Intĕger -gra -grum.
35 3242 2039 3309 unbidden. Injussus; also injussu, adv.—He orders the master of the
111 3309 2037 3374 horse not to begin the battle unbidden. Magistro equitum præcipit ne
112 3373 912 3437 injussu pugnam incipiat. Liv.
30 3435 1034 3497 to unbind. Solvo, 3.—See to loosen.
27 3502 692 3564 unblamed. Inculpātus.
25 3564 1051 3619 unblemished. Pūrus.—See innocent.
110 3690 2040 3756 * For a great many English negative words beginning with un there is
22 3753 2040 3825 no Latin, and such must be sought for under the uncompounded word, as
22 3817 1011 3882 “unabashed,” under “to abash,” &c.
