2096 3904
68 18 1304 80 a violater. Viŏlātor.—Of a woman, stŭprātor.
66 79 2073 147 violencs. Viŏlentia, vis.— Unjust violence, injūria. — Inflamed by the
129 143 2070 210 violence of his passions. Cupiditatum incendiis inflammatus. Cic. —
135 209 2070 276 Nor would they have abatained from acts of violencs. Nec temperatum
134 278 664 328 manibus foret. Liv.
67 339 2068 402 violent. Viŏlentus, *viŏlens; i. e. impetuous in conduct, præcepa —ĭpĭtis.—
131 403 2065 472 Of storma, &c., ingens, vehĕmens.— A most violent man, burning with
130 467 2068 534 hatred. Homo impotentissimus, odio ardens. Cic. — They are not
130 531 2052 600 transported with any violent joy. Nullâ impotente lætitiâ efferuntur.
67 667 516 717 a violet. Viŏla.
68 726 1278 789 of a violet, like a violet. Violaceus. Plin.
68 794 843 845 a bed of violets. Viŏlārium.
66 860 535 923 violin.—See harp.
66 923 849 985 a viper. Vīpĕra.—See anake.
66 989 890 1052 of a viper. Vīpĕreus, vīpĕrĭnus.
68 1052 812 1117 a virgin. Virgo -ĭnis, fem.
65 1114 984 1180 of a virgin. Virgĭneus, virgĭnalis.
65 1181 671 1246 virginity. Virgĭnĭts.
64 1245 474 1296 virile. Vĭrlla.
64 1311 577 1374 virility. Vĭrlĭtas.
64 1371 2062 1439 virtue, in every sense. Virtus —ūtis, fem.; i. e. power, vis; i. e. virtuous
130 1442 576 1507 conduct, prŏbĭtas.
63 1501 1554 1567 virtuous. Bŏnus, comp. mĕlior, superl. optĭmus; prŏbus.
61 1569 749 1633 virtuously. Prŏbe, bĕne.
63 1622 1185 1697 virulence, i. e. bitterness, q. v. Ăcerbĭtas.
63 1685 1368 1761 virulent, i. e. bitter (in language, &c.). Ăcerbus.
61 1754 618 1824 virulently. Ăcerbe.
63 1825 1150 1890 visage. Os, ōris, net.; vultus, 4; făcies.
62 1889 894 1956 viscera. Viscĕr -um, pl. net.
64 1950 772 2018 to viscerate. Eviscĕro, 1.
63 2019 742 2073 viscid. Glūtĭnosus. Col.
64 2082 2048 2148 visible. Vĭdendus, mănĭfestus, conspĭcuus.—Whether the soul would
129 2148 1806 2213 become visible. Casurusne in conspectum videatur animus. Cic.
62 2212 972 2280 visibly. Manifesto, ăperte, pălam.
64 2277 2052 2346 vision, i. e. the power of sight, q. v. Vīsus, 4.—A thing seen, vīsum; i. e. a
127 2345 666 2408 vain fancy, somnium.
61 2406 2051 2471 a visionary.—Marvellous tales of philosophers not discussing a thing
126 2470 2049 2537 soberly, but becoming visionaries. Portenta et miracula non disserentinm
124 2536 1106 2601 philosophorum sed somniantium. Cic.
62 2599 2048 2663 to visit. Vīso, 3; inviso, vīsĭto, 1.—To pay a visit of compliment to,
62 2730 1006 2794 a visit (complimentary). Sălutatio.
60 2792 1997 2859 a visitor (complimentary). Sălūtator.—An occasional visitor, interventor.
58 2856 881 2925 vital. Vītālis.—See important.
59 2923 910 2985 vitality. Vīta, vītalĭtas. Plin.
58 2988 1392 3050 to vitiate. Vĭtio, 1; iritum (aliquid) facio. Cic.
58 3051 569 3105 vitreous. Vĭtreus.
59 3116 1277 3181 to vituperate. Vĭtŭpĕro, 1.—See to reproach.
58 3181 1184 3246 vituperation. Vĭtŭpĕratio.—See reproach.
58 3245 1376 3306 vivacious. Vīvĭdus, strĕnuus, stris —acre.
57 3303 608 3373 vivacity. Ălăcrĭtas.
56 3374 1242 3438 vivid. Vīvĭdus, ācer, acris, ācre.—See active.
54 3439 489 3490 vividness. Vis.
53 3501 2041 3570 vivâ voce. Cōram.—You exhibited your feelings, vivâ voce. Vivam
118 3569 902 3630 vocem præ vobis tulistis. Cic.
9 3687 1745 3760 seation, i. e. employment, ars -tis, fem.
111 3753 851 3817 ative. Vŏcatīvus. Quint.
159 3814 993 3881 ciferate. Clamo, 1; vocĭfĕror.
