2077 3951
21 18 1563 86 wandering, adj. Văgus, pervagus, errābundus, errātĭcus.
17 87 939 150 wmdering, subst. Errātio, error.
19 154 666 212 to ane. Dēcresco, 3.
24 217 543 266 wanness. Pallor.
23 267 2032 342 want (absolute). Egestas, ĭnŏpia; (partial) defectus, 4; defectio; i. e.
110 341 1869 407 poverty, q. v., paupertas; i. e. need, q. v., opus, indecl. in this sense.
26 406 2034 470 to want, i. e. not to have. Căreo.—Not to have and to require, ĕgeo, 2; in-
121 473 1142 536 digeo, dēsīdĕro; i. e. to wish for, cŭpio.
32 534 2035 598 to be wanting. Dēsum, absum, defĭcio; all c. dat., but deficio sometimes
124 599 2035 664 even c. acc. pers.—I see that something is wanting in them. In eis
127 662 2035 727 aliquid desidero. Cic.—There is absolutely nothing wanting to make
128 728 2021 791 me thoroughly miserable. Prorsus nihil abest quin sim miserrimus. Cic.
42 790 1590 855 anton. Lascivus, impŭdīcus; i. e. unprovoked, gratuĭtus.
46 857 1517 923 antonly. Lascīve, impudice; i. e. unprovokedly, ultro.
52 922 679 970 antonness. Lascĭvia.
56 986 1370 1050 to wanton, i. e. to sport, q. v. Ludo, 3; lascĭvio.
59 1051 445 1101 war. Bellum.
63 1114 2040 1178 to war. Bello, 1; bellĭgĕro, 1; bellum gĕro, 3 (Liv., Cic.).—It wa looked
132 1177 2039 1243 npon as certain that an end might that day have been put to the war with
130 1241 2039 1304 the Samnites. Debellari eo die cum Samnitibus potuisse pro haud dubio
136 1307 617 1357 habitum est. Liv.
69 1372 962 1435 to warble. Căno, 3.—See to sing.
69 1437 827 1496 warbler. Cantor, mŏdŭlstor.
69 1500 953 1563 warbling. Cantus, 4.—See song.
68 1562 1327 1628 to ward off. Dēfendo, 3; arceo, 2; prōpulso, 1.
70 1627 861 1690 ward. Custōdia.—See prison.
71 1693 1701 1758 a warder. Custos -ōdis, masc.; i. e. sentinel, q. v., vigil -ĭlis.
71 1758 591 1808 wares. Merx -cis.
74 1811 1025 1885 a warehouse. Ăpŏthēca, thesaurus.
74 1885 577 1937 warfare. Milĭtia.
74 1951 782 2013 warily. Caute, prūdenter.
76 2014 860 2077 wariness. Cautio, prūdentia.
75 2077 1669 2138 warlike. Mīlĭtaris, bellĭcus, bellĭcōsus; i. e. hostile, hostĭlis.
75 2142 1933 2202 in a warlike manner. Mĭlĭtariter; i. e. in a hostile manner, hostĭlĭter.
77 2206 2044 2271 warm (lit. and metaph.). Călĭdus, fervĭdus.—The people of Dyrrachium
142 2270 2042 2337 are warm in my cause. Habeo studiosos mei Dychinos. Cc.—See eager.
80 2334 2041 2403 to warm. trans. Călĕfăcio, 3; sync. calfacio; fervefacio, *călĕfacto, 1; (lit.
82 2401 770 2465 and metaph.) incendo, 3.
81 2462 2041 2528 to warm, intrans., to be warm (lit. and metaph.). Căleo, 3; incălesco, 3;
147 2530 767 2590 ferveo, metaph. ardeo, 2.
83 2585 857 2654 warm-tempered. Irācundus.
85 2657 1568 2721 warmly (esp. metaph.). Ferventer; i. e. eagerly, ācrĭter.
84 2722 2046 2786 warmth (lit. and metaph.). Călor, fervor; esp. metaph., ardor; i. e. passion,
145 2793 375 2850 q. v., ĭra.
84 2848 1792 2912 to warn. Mŏneo, 2; admoneo.—To warn beforehand, præmoneo.
86 2914 1341 2975 a warner, one who warns. Mŏnĭtor, admonitor.
85 2976 2048 3042 a warning. Mŏnĭtio (esp. the act), monitus, 4; monitum, admonitio, admonitus.
84 3042 840 3105 a warp. Stāmen -ĭnis, neut.
86 3107 1030 3170 to warp. Dēflecto, 3.—See to bend.
88 3169 2050 3237 to warrant, i. e. cause, justify (an opinion, &c.). Făcio; i. e. to affirm, q. v.,
151 3236 2053 3299 confirmo, affirmo.—I am warranted in praiing the Prætors. Prætores
151 3302 691 3364 jure laudantur. Cic.
93 3364 2052 3429 a warrant. Præceptum; i. e. authority, auctōritas.—A warrant is sought
157 3430 1795 3494 to justify belief. Auctoritas ad faciendam fidem quæsitur. Cic.
95 3494 686 3544 warrantable. Justus.
96 3558 1218 3621 a warren (for hares). Lĕpŏrārium. Varr.
98 3622 1277 3685 a warrior. Bellātor, fem. —trix.—See soldier.
97 3689 570 3736 a wart. Verruca.
98 3752 1001 3801 marked with warts. Verrūcōsus.
98 3815 1560 3879 wary. Cautus, prudens, prōvĭdus, conmīdĕrātus, callĭdus.
1003 3883 1163 3927 2
