2032 3844
87 19 2001 83 onibus acerrime exercuit. Cic.—Wherefore truth is subjected to it as a
87 85 2000 150 sort of raw material to deal with and work upon. Quocirca huic quasi
87 151 2000 213 materia quam tractet et in quâ versetur subjecta est veritas. Cic.—So
85 213 2000 279 that he appeared to be wishing his son some harm rather than to be actually
84 278 1996 343 planning and working him mischief. Ut velle atque optare aliquid calami-
89 341 1559 407 tatis filio potius quam id struere et moliri videretur. Cic.
18 406 572 470 of work. Opĕrarius.
21 470 1774 534 a workhouse (a sort of house of correction for slaves). Ergastŭlum.
18 526 1991 601 a workman. Opĕrrius, fem. ŏpĕraria (not followed by gen. of the work);
83 600 1503 664 ŏpĭfex —ĭcis, artĭfex.—In any hard material, f ăber -bri.
21 665 1091 726 workmanlike, i. e. akilful, q. v. Pĕrītus.
20 727 1214 790 in a workmanlike manner. Affăbre, pĕrīte.
20 783 1992 856 workmanship. Opus ĕris, neut.—An image wrought with exquisite
86 857 1992 922 skill and workmanship. Simulacrum singulari operi artificioque perfec-
86 923 362 972 tum. Cic.
23 986 870 1048 a workshop. Făbrĭca, offĭcīna.
18 1048 1988 1113 the world. Mundus, orbis (rather as the whole earth, than the whole system
85 1112 1985 1183 of the universe), ūnĭversum (once in Cic.).—Infinite power is given [by
87 1178 1989 1243 this law] over the whole world. Infinita potestas orbis terrarum genti-
85 1244 1991 1307 umque omnium datur. Cic.—Every other field in the world will be
85 1308 1987 1372 assigned to the decemvirs. Cæteri agri omnes, qui ubique sunt, decemviris
87 1372 1994 1435 addicentur. So—Every one in the world. Omnes qui ubique sunt
86 1437 1992 1500 (Cic.). Omnes omnium ordinum homines. Cic.— When arms were
85 1500 1993 1565 being carried into the temple, in broad daylight, before the eyes of all the
85 1564 1991 1627 world. Cum arma in templum luce et palam comportarentur. Cic. (See
87 1628 1994 1695 openly). — Who thinks everything in the world endurable. Qui omnia
84 1693 1992 1754 humana quæ cuique accidere possunt tolerabilia ducit. Cic.—Such is
83 1757 1991 1821 the way of the world. Ea rerum humanarum ratio est.—If you con-
88 1820 1996 1885 sider the ways of the world. Si hominum inter ipsos societatem per-
86 1887 457 1950 spexeris. Cic.
20 1951 1655 2014 worldly, of the world. Mundanus; i. e. of mankind, hūmanus.
20 2016 940 2081 a worm. Vermis, dim. vermĭcŭlus.
19 2079 841 2128 full of worms. Vermĭnōsus.
20 2146 629 2194 wormeaten. Căriōsus.
22 2207 1115 2269 to be wormeaten. Vermĭcŭlor, 1. Plin.
21 2273 797 2335 a being wormeaten. Caries.
18 2336 1394 2397 wormwood. Absinthius (Varr.); absinthium. Plin.
20 2401 1997 2465 to worry, in mind. Sollĭcĭto, 1; ango, 3; i. e. attack, &c., vexo, 1; lăcĕro,
91 2466 565 2515 1.—See to harass.
19 2502 1207 2590 worry (caused). Mŏlestia; (felt) sollĭcĭtdo.
19 2593 2003 2657 worse. Pejor, dētĕrior, nēquior (of persons, not of actions); see bad.—Of
86 2659 1997 2722 pains, &c., ăcerbior; i. e. more severe, ācrior.—To become worse (of an
87 2721 1998 2788 evil), ingrăvesco, 3.—To make worse (an evil), agrăvo, 1; by descrip-
84 2787 1999 2853 tion (exaggerating an evil), exaggĕro, 1.—When the scarcity was getting
85 2851 1998 2915 worse. Cum annona ingravesceret. Liv.—For those [letters] made my
84 2916 2006 2979 grief worse. Auxerunt enim [epistolæ, sc.] mihi dolorem. Cic.—If
87 2980 1999 3045 Catiline had remained in the city, we should have had to fight with him,
85 3045 2001 3108 to say no worse. Si Catilina in urbe remansisset, ut levissime dicam, dimi-
88 3109 1000 3158 candum nobis cum illo fuisset. Cic.
23 3174 776 3235 worse, adv. Pejus, dētĕrius.
23 3237 851 3299 worship. Cultus, 4; vĕnĕratio.
22 3301 905 3362 to worship. Cŏlo, 3; vĕnĕror, 1.
22 3365 578 3427 worshipper. Cultor.
22 3428 646 3493 worshipful. Augustus.
23 3473 889 3549 worst. Pessĭmus, deterrĭmus.
24 3552 954 3612 to worst. Vinco, 3.—See to defeat.
23 3611 1624 3690 worth, i. e. price. Prĕtium; i. e. excellence, virtus —ūtis, fem.
25 3670 2006 3746 worth, i. e. to be sold for. Vēnālis.—Nor do we now think it worth re-
90 3728 2008 3820 lating. Neque nunc ut memoriæ prodatur satis causæ putamus. Cæs.—
